% This file was created with JabRef 2.3.1.
% Encoding: Cp1252

@ARTICLE{demorefA:2000,
  author = {D. Author and D. Coauthor},
  title = {Demo article},
  journal = {Article journal},
  year = {2004},
  volume = {15},
  pages = {158--162},
  number = {1},
  doi = {10.1000/demoA}
}

@BOOK{demorefB:2001,
  title = {Demo book},
  publisher = {Demo Publisher},
  year = {1998},
  author = {D. Author},
  address = {Demo City}
}

@INCOLLECTION{demorefC:2002,
  author = {D. Author and D. Coauthor},
  title = {Demo Contribution},
  booktitle = {Demo Collection},
  publisher = {Demo Publisher},
  year = {1974},
  editor = {D. Editor and DT. Editor and DTT. Editor},
  pages = {147--162},
  address = {Demo Address},
}

@INPROCEEDINGS{demorefP:2003,
  author = {D. Author and D. Coauthor},
  title = {Demo Contribution},
  booktitle = {Demo Book Title},
  year = {1990},
  editor = {D. Editor},
  pages = {233--238},
  address = {Demo Address},
  publisher = {Demo Publisher},
}


@MASTERSTHESIS{demoRefM:2004,
  author = {D. Author},
  title = {Demo Masters Thesis},
  school = {Demo Univeristy},
  year = {2002},
  address = {Demo Address}
}

@PHDTHESIS{demoRefD:2005,
  author = {D. Author},
  title = {Demo Doctoral Thesis},
  school = {Demo Univeristy},
  year = {2005},
  address = {Demo Address}
}
