@BOOK{adami:1998,
  title = {Introduction to Artificial Life},
  publisher = {Springer-Verlag},
  year = {1998},
  author = {C. Adami},
  address = {New York}
}

@ARTICLE{andersson:2004,
  author = {M. Andersson and J. Wallander},
  title = {Kin selection and reciprocity in flight formation?},
  journal = {Behavioral Ecology},
  year = {2004},
  volume = {15},
  pages = {158--162},
  number = {1},
  doi = {10.1093/bheco/arg109}
}

@ARTICLE{aoki:1982,
  author = {I. Aoki},
  title = {A simulation study on the schooling mechanism in fish},
  journal = {Bulletin of the Japanese Society of Scientific Fisheries},
  year = {1982},
  volume = {48},
  pages = {1081--1088},
  number = {8},
  comment = {!read [to]}
}

@ARTICLE{badgerow:1988,
  author = {J.P. Badgerow},
  title = {An analysis of function in the formation flight of {Canada} geese},
  journal = {The Auk},
  year = {1988},
  volume = {105},
  pages = {749--755},
  number = {4}
}

@ARTICLE{badgerow:1981,
  author = {J.P. Badgerow and F.R. Hainsworth},
  title = {Energy savings through formation flight? {A} reexamination of the vee formation},
  journal = {Journal of Theoretical Biology},
  year = {1981},
  volume = {93},
  pages = {41--52},
  number = {1},
  comment = {!find [to]},
  doi = {10.1016/0022-5193(81)90055-2}
}

@ARTICLE{barpi:2004,
  author = {F. Barpi},
  title = {Fuzzy modelling of powder snow avalanches},
  journal = {Cold Regions Science and Technology},
  year = {2004},
  volume = {40},
  pages = {213--227},
  number = {3},
  comment = {!read [to]},
  doi = {10.1016/j.coldregions.2004.08.003}
}

@BOOK{bentley:2002,
  title = {Digital Biology: How Nature is Transforming our Technology and our Lives},
  publisher = {Simon \& Schuster},
  year = {2002},
  author = {P.J. Bentley},
  address = {New York},
  comment = {!read [to]}
}

@BOOK{bezdek:1992,
  title = {Fuzzy Models For Pattern Recognition: Methods That Search for Structures in Data},
  publisher = {IEEE Press},
  year = {1992},
  author = {J.C. Bezdek and S.K. Pal},
  address = {New York}
}

@BOOK{bonabeau:1999,
  title = {Swarm Intelligence: From Natural to Artificial Systems},
  publisher = {Oxford University Press},
  year = {1999},
  author = {E. Bonabeau and M. Dorigo and G. Theraulaz},
  address = {New York},
  comment = {!get [to]: Miha Mraz}
}

@ARTICLE{bonarini:1996,
  author = {A. Bonarini},
  title = {Anytime learning and adaptation of structured fuzzy behaviors},
  journal = {Adaptive Behavior},
  year = {1996},
  volume = {5},
  pages = {281--315},
  number = {3-4},
  comment = {!find [to]}
}

@BOOK{braitenberg:1984,
  title = {Vehicles: Experiments in Synthetic Psychology},
  publisher = {The MIT Press},
  year = {1984},
  author = {V. Braitenberg},
  address = {Cambridge, MA}
}

@ARTICLE{brogan:1998,
  author = {D.C. Brogan and R.A. Metoyer and J.K. Hodgins},
  title = {Dynamically simulated characters in virtual environments},
  journal = {Computer Graphics and Applications},
  year = {1998},
  volume = {18},
  pages = {58--69},
  number = {5},
  doi = {10.1109/38.708561}
}

@ARTICLE{cliff:1993,
  author = {D. Cliff and S. Bullock},
  title = {Adding `foveal vision' to {Wilson}'s animat},
  journal = {Adaptive Behavior},
  year = {1993},
  volume = {2},
  pages = {49--72},
  number = {1},
  comment = {!find [to]}
}

@ARTICLE{cochran:2005,
  author = {J.K. Cochran and H.N. Chen},
  title = {Fuzzy multi-criteria selection of object-oriented simulation software for production system analysis},
  journal = {Computers \& Operations Research},
  year = {2005},
  volume = {32},
  pages = {153--168},
  number = {1},
  comment = {!read [to]},
  doi = {10.1016/S0305-0548(03)00209-0}
}

@ARTICLE{couzin:2005,
  author = {I.D. Couzin and J. Krause and N.R. Franks and S.A. Levin},
  title = {Effective leadership and decision making in animal groups on the move},
  journal = {Nature},
  year = {2005},
  volume = {433},
  pages = {513--516},
  number = {3},
  doi = {10.1038/nature03236}
}

@ARTICLE{davis:1980,
  author = {J.M. Davis},
  title = {The coordinated aerobatics of Dunlin flocks},
  journal = {Animal Behaviour},
  year = {1980},
  volume = {28},
  pages = {668--673},
  number = {3},
  comment = {!find [to]: doi:?}
}

@INCOLLECTION{dill:1997,
  author = {L.M. Dill and C.S. Holling and L.H. Palmer},
  title = {Predicting the three-dimensional structure of animal aggregations from functional considerations: the role of information},
  booktitle = {Animal Groups in Three Dimensions},
  publisher = {Cambridge University Press},
  year = {1997},
  editor = {J.K. Parrish and W.M. Hamner},
  pages = {207--224},
  address = {New York},
  comment = {cross-ref\{parish:1997\}}
}

@BOOK{dubois:1980,
  title = {Fuzzy Sets and Systems: Theory and Applications},
  publisher = {Academic Press},
  year = {1980},
  author = {D. Dubois and H. Prade},
  address = {New York}
}

@BOOK{ebbinghaus:1963,
  title = {Memory: A Contribution to Experimental Psychology},
  publisher = {Dover},
  year = {1963},
  author = {H. Ebbinghaus},
  address = {New York}
}

@BOOK{emmenche:1994,
  title = {The Garden in the Machine: The Emerging Science of Artificial Life},
  publisher = {Princeton University Press},
  year = {1994},
  author = {C. Emmenche},
  address = {Princeton, NJ}
}

@ARTICLE{gardner:1970,
  author = {M. Gardner},
  title = {Mathematical games: the fantastic combinations of {John} {Conway}'s new solitaire game `life'},
  journal = {Scientific American},
  year = {1970},
  volume = {223},
  pages = {120--123},
  number = {4},
  comment = {!read [to]}
}

@ARTICLE{gould:1974,
  author = {L.L. Gould and F.H. Heppner},
  title = {The vee formation of Canada geese},
  journal = {The Auk},
  year = {1974},
  volume = {91},
  pages = {494--506},
  number = {3},
  comment = {!read [to]}
}

@ARTICLE{hainsworth:1989,
  author = {F.R. Hainsworth},
  title = {Wing movements and positioning for aerodynamic benefit by Canada geese flying in formation},
  journal = {Canadian Journal of Zoology},
  year = {1989},
  volume = {67},
  pages = {585--589},
  number = {3},
  comment = {!find [to]}
}

@ARTICLE{hainsworth:1987,
  author = {F.R. Hainsworth},
  title = {Precision and dynamics of positioning by Canada geese flying in formation},
  journal = {Journal of Experimental Biology},
  year = {1987},
  volume = {128},
  pages = {445--462},
  number = {1},
  comment = {!find [to]}
}

@ARTICLE{hamilton:1966,
  author = {W.J. {Hamilton III}},
  title = {Starling roost dispersal and a hypothetical mechanism regulating rhythmical animal movement to and from dispersal centers},
  journal = {Ecology},
  year = {1966},
  volume = {48},
  pages = {825--833},
  number = {5}
}

@ARTICLE{helbing:1995,
  author = {D. Helbing and P. Molnar},
  title = {Social force model for pedestrian dynamics},
  journal = {Physical Review E},
  year = {1995},
  volume = {51},
  pages = {4282--4286},
  number = {5},
  doi = {10.1103/PhysRevE.51.4282}
}

@INCOLLECTION{heppner:1997,
  author = {F.H. Heppner},
  title = {Three-dimensional structure and dynamics of bird flocks},
  booktitle = {Animal Groups in Three Dimensions},
  publisher = {Cambridge University Press},
  year = {1997},
  editor = {J.K. Parrish and W.M. Hamner},
  pages = {68--89},
  address = {New York},
  comment = {cross-ref\{parrish:1997a\}}
}

@INPROCEEDINGS{heppner:1987,
  author = {F.H. Heppner},
  title = {A stochastic nonlinear model for coordinated bird flocks},
  booktitle = {American Ornithological Union Meeting (abstract)},
  year = {1987},
  address = {San Francisco}
}

@ARTICLE{heppner:1974a,
  author = {F.H. Heppner},
  title = {Avian flight formations},
  journal = {Bird-Banding},
  year = {1974},
  volume = {45},
  pages = {160--169},
  number = {2}
}

@ARTICLE{heppner:1985,
  author = {F.H. Heppner and J.L. Convissar and D.E. Moonan and J.G.T. Anderson},
  title = {Visual angle and formation flight in {Canada} geese (\emph{Branta canadensis})},
  journal = {The Auk},
  year = {1985},
  volume = {102},
  pages = {195--198},
  number = {1}
}

@INPROCEEDINGS{heppner:1990,
  author = {F.H. Heppner and U. Grenander},
  title = {A stochastic nonlinear model for coordinated bird flocks},
  booktitle = {The Ubiquity of Chaos},
  year = {1990},
  editor = {S. Krasner},
  pages = {233--238},
  address = {Washington},
  publisher = {AAAS}
}

@INCOLLECTION{heppner:1974b,
  author = {F.H. Heppner and J.D. Haffner},
  title = {Communication in bird flocks: an electro-magnetic model},
  booktitle = {Biological and Clinical Effects of Low-Frequency Magnetic and Electric Fields},
  publisher = {Charles C. Thomas},
  year = {1974},
  editor = {J.G. Llaurado and A. Sances and J.H. Battocletti},
  pages = {147--162},
  address = {Springfield, IL},
  comment = {!find [to]; read [to]}
}

@ARTICLE{jadbabaie:2003,
  author = {A. Jadbabaie and J. Lin and A.S. Morse},
  title = {Coordination of groups of mobile autonomous agents using nearest neighbour rules},
  journal = {IEEE Transactions on Automatic Control},
  year = {2003},
  volume = {48},
  pages = {988--1001},
  number = {6},
  comment = {!read [to]},
  doi = {10.1109/TAC.2003.812781}
}

@INCOLLECTION{jaffe:1997,
  author = {J.S. Jaffe},
  title = {Methods for three-dimensional sensing of animals},
  booktitle = {Animal Groups in Three Dimensions},
  publisher = {Cambridge University Press},
  year = {1997},
  editor = {J.K. Parrish and W.M. Hamner},
  pages = {17--35},
  address = {New York},
  comment = {cross-ref\{parrish:1997a\}}
}

@BOOK{jain:1991,
  title = {The Art of Computer Performance Analysis: Techniques for Experimental Design, Measurement, Simulation, and Modeling},
  publisher = {John Wiley \& Sons},
  year = {1991},
  author = {R.K. Jain},
  address = {New York}
}

@BOOK{klir:1995,
  title = {Fuzzy Sets and Fuzzy Logic: Theory and Applications},
  publisher = {Prentice-Hall},
  year = {1995},
  author = {G.J. Klir and B. Yuan},
  address = {New Jersey}
}

@BOOK{kohavi:1978,
  title = {Switching and Finite Automata Theory},
  publisher = {McGraw-Hill},
  year = {1978},
  author = {Z. Kohavi},
  address = {New York}
}

@INPROCEEDINGS{langton:1989,
  author = {C.G. Langton},
  title = {Artificial life},
  booktitle = {Proc. of Artificial Life},
  year = {1989},
  editor = {C.G. Langton},
  volume = {VI},
  series = {SFI Studies in the Science of Complexity},
  pages = {1--47},
  address = {Redwood City, CA},
  publisher = {Addison-Wesley},
  comment = {!find [to]}
}

@ARTICLE{langton:1984,
  author = {C.G. Langton},
  title = {Self-reproduction in cellular automata},
  journal = {Physica D},
  year = {1984},
  volume = {10},
  pages = {135--144},
  number = {1--2},
  comment = {!get [to]: 50108 IJS, VITO},
  doi = {10.1016/0167-2789(84)90256-2}
}

@PHDTHESIS{lebar_bajec:2005b,
  author = {I. {Lebar Bajec}},
  title = {Fuzzy Model for a Computer Simulation of Bird Flocking},
  school = {University of Ljubljana, Faculty of Computer and Information Science},
  year = {2005},
  address = {Ljubljana, SI}
}

@lecture{lebar_bajec:2005c,
  author = {I. {Lebar Bajec}},
  title = {Fuzzy logic and bird flock simulations},
  type = {Invited lecture},
  school = {University of Rhode Island, Department of Biological Sciences},
  address = {Kingston, RI},
  year = {2005},
  month = apr,
  day = 15,
}

@MASTERSTHESIS{lebar_bajec:2002,
  author = {I. {Lebar Bajec}},
  title = {Ra\v cunalni\v ski model letenja ptic v jatah},
  school = {University of Ljubljana, Faculty of Computer and Information Science},
  year = {2002},
  address = {Ljubljana, SI}
}

@INPROCEEDINGS{lebar_bajec:2003a,
  author = {I. {Lebar Bajec} and N. Zimic and M. Mraz},
  title = {Fuzzifying the thoughts of animats},
  booktitle = {FuzzySets and Systems: Proceedings of the 10th International Fuzzy Systems Association World Congress (IFSA 2003)},
  year = {2003},
  editor = {T. Bilgi{\c c} and B. De Baets and O. Kaynak},
  volume = {2715},
  series = {Lecture Notes in Artificial Intelligence},
  pages = {195--202},
  address = {Berlin},
  publisher = {Springer-Verlag},
  doi = {10.1007/3-540-44967-1_23}
}

@INPROCEEDINGS{lebar_bajec:2003b,
  author = {I. {Lebar Bajec} and N. Zimic and M. Mraz},
  title = {Boids with a fuzzy way of thinking},
  booktitle = {Proceedings of Artificial Intelligence and Soft Computing (ASC 2003)},
  year = {2003},
  editor = {H. Leung},
  pages = {58--62},
  address = {Anaheim},
  publisher = {ACTA Press}
}

@ARTICLE{lebar_bajec:2005a,
  author = {I. {Lebar Bajec} and N. Zimic and M. Mraz},
  title = {Simulating flocks on the wing: the fuzzy approach},
  journal = {Journal of Theoretical Biology},
  year = {2005},
  volume = {233},
  pages = {199--220},
  number = {2},
  doi = {10.1016/j.jtbi.2004.10.003}
}

@ARTICLE{lee:2004,
  author = {S. Lee and K.H. Lee and D. Lee},
  title = {Ranking the sequences of fuzzy values},
  journal = {Information Sciences},
  year = {2004},
  volume = {160},
  pages = {41--52},
  number = {1--4},
  doi = {10.1016/j.ins.2003.07.011}
}

@ARTICLE{lissaman:1970,
  author = {P.B.S. Lissaman and C.A. Schollenberger},
  title = {Formation flight of birds},
  journal = {Science},
  year = {1970},
  volume = {168},
  pages = {1003--1005},
  number = {934},
  comment = {!find [to]}
}

@ARTICLE{mataric:1995,
  author = {M.J. Matari{\' c}},
  title = {Designing and understanding adaptive group behavior},
  journal = {Adaptive Behavior},
  year = {1995},
  volume = {4},
  pages = {50--81},
  number = {1},
  comment = {!read [to]}
}

@INCOLLECTION{mcfarland:1997,
  author = {W. McFarland and A. Okubo},
  title = {Metabolic models of fish school behaviour -- the need for quantitative
  observations},
  booktitle = {Animal Groups in Three Dimensions},
  publisher = {Cambridge University Press},
  year = {1997},
  editor = {J.K. Parrish and W.M. Hamner},
  pages = {301--312},
  address = {New York},
  comment = {cross-ref\{parrish:1997a\}}
}

@BOOK{mendel:2001,
  title = {Uncertain Rule-Based Fuzzy Logic Systems: Introduction and New Directions},
  publisher = {Prentice-Hall},
  year = {2001},
  author = {J.M. Mendel},
  address = {New York}
}

@ARTICLE{moyle:1998,
  author = {R.G. Moyle and F.H. Heppner},
  title = {Flight without horizon references in {European} starlings},
  journal = {The Auk},
  year = {1998},
  volume = {115},
  pages = {771--774},
  number = {3},
  comment = {!read [to]}
}

@ARTICLE{mraz:2001,
  author = {M. Mraz},
  title = {The design of intelligent control of a kitchen refrigerator},
  journal = {Mathematics and Computers in Simulation},
  year = {2001},
  volume = {56},
  pages = {259--267},
  number = {3},
  doi = {10.1016/S0378-4754(01)00281-6}
}

@PHDTHESIS{mraz:2000,
  author = {M. Mraz},
  title = {Mehki celularni avtomati},
  school = {University of Ljubljana, Faculty of Computer and Information Science},
  year = {2000},
  address = {Ljubljana, SI}
}

@INPROCEEDINGS{mraz:2004,
  author = {M. Mraz and I. {Lebar Bajec} and N. Zimic},
  title = {Fuzzy logic used for modelling and simulation of massive processes: a useful tool for nanotechnologies?},
  booktitle = {Proc. of NNCI 2004},
  year = {2004},
  editor = {M.H. Hamza},
  pages = {274--278},
  address = {Anaheim},
  publisher = {ACTA Press}
}

@ARTICLE{mraz:1999,
  author = {M. Mraz and N. Zimic and J. Virant},
  title = {Intelligent bush fire spread prediction using fuzzy cellular automata},
  journal = {Journal of Intelligent and Fuzzy Systems},
  year = {1999},
  volume = {7},
  pages = {203--207},
  number = {2}
}

@ARTICLE{okubo:1986,
  author = {A. Okubo},
  title = {Dynamical aspects of animal grouping: swarms, schools, flocks, and herds},
  journal = {Advances in Biophysics},
  year = {1986},
  volume = {22},
  pages = {1--94},
  comment = {!get [to]: 50003 MF, VITO},
  doi = {10.1016/0065-227X(86)90003-1}
}

@BOOK{okubo:1980,
  title = {Diffusion and Ecological Problems: Mathematical Models},
  publisher = {Springer-Verlag},
  year = {1980},
  author = {A. Okubo},
  volume = {10},
  series = {Biomathematics},
  address = {New York},
  comment = {!find [to]}
}

@BOOK{parent:2002,
  title = {Computer Animation: Algorithms and Techniques},
  publisher = {Morgan Kaufmann Publishers},
  year = {2002},
  author = {R. Parent},
  address = {San Francisco, CA}
}

@INCOLLECTION{parrish:1997b,
  author = {J.K. Parrish and W.M. Hamner and C.T. Prewitt},
  title = {Introduction -- from individuals to aggregations: unifying properties, global framework, and the holy grails of congregation},
  booktitle = {Animal Groups in Three Dimensions},
  publisher = {Cambridge University Press},
  year = {1997},
  editor = {J.K. Parrish and W.M. Hamner},
  pages = {1--13},
  address = {New York},
  comment = {cross-ref\{parrish:1997a\}}
}

@ARTICLE{partridge:1982,
  author = {B.L. Partridge},
  title = {The structure and function of fish schools},
  journal = {Scientific American},
  year = {1982},
  volume = {246},
  pages = {90--99},
  number = {6},
  comment = {!read [to]}
}

@BOOK{pedrycz:1993,
  title = {Fuzzy Control and Fuzzy Systems},
  publisher = {John Wiley \& Sons},
  year = {1993},
  author = {W. Pedrycz},
  address = {New York},
  edition = {Second},
  comment = {!read [to]: Miha Mraz}
}

@PHDTHESIS{pirjanian:1998,
  author = {P. Pirjanian},
  title = {Multiple Objective Action Selection \& Behavior Fusion Using Voting},
  school = {Aalborg University, Institute of Electronic Systems},
  year = {1998},
  address = {Aalborg, DK}
}

@ARTICLE{pomeroy:1992,
  author = {H. Pomeroy and F.H. Heppner},
  title = {Structure of turning in airborne {Rock} {Dove} (\emph{Columba livia}) flocks},
  journal = {The Auk},
  year = {1992},
  volume = {109},
  pages = {256--267},
  number = {2}
}

@BOOK{resnick:1997,
  title = {Turtles, Termites, and Traffic Jams: Explorations in Massively Parallel Microworlds},
  publisher = {The MIT Press},
  year = {1997},
  author = {M. Resnick},
  address = {Cambridge, MA}
}

@INCOLLECTION{reynolds:1994,
  author = {C.W. Reynolds},
  title = {Evolution of obstacle avoidance behavior: using noise to promote robust solutions},
  booktitle = {Advances in Genetic Programming},
  publisher = {MIT Press},
  year = {1994},
  editor = {K.E. Kinnear, Jr.},
  pages = {221--242},
  address = {Cambridge, MA}
}

@INPROCEEDINGS{reynolds:1993b,
  author = {C.W. Reynolds},
  title = {An evolved, vision-based model of obstacle avoidance behavior},
  booktitle = {Proc. of Artificial Life III},
  year = {1993},
  editor = {C.G. Langton},
  volume = {XVI},
  series = {SFI Studies in the Science of Complexity},
  pages = {327--346},
  address = {Redwood City, CA},
  publisher = {Addison-Wesley}
}

@INPROCEEDINGS{reynolds:1993a,
  author = {C.W. Reynolds},
  title = {An evolved, vision-based behavioral model of coordinated group motion},
  booktitle = {Proc. of SAB92},
  year = {1993},
  editor = {J.A. Meyer and H.L. Roitblat and S.W. Wilson},
  series = {From Animals to Animats 2},
  pages = {384--392},
  address = {Cambridge, MA},
  publisher = {MIT Press}
}

@INPROCEEDINGS{reynolds:2000,
  author = {C.W. Reynolds},
  title = {Interaction with groups of autonomous characters},
  booktitle = {Proc. of GDC 2000},
  year = {2000},
  pages = {449--460},
  address = {San Francisco, CA},
  publisher = {CMP Game Media Group}
}

@INPROCEEDINGS{reynolds:1999,
  author = {C.W. Reynolds},
  title = {Steering behaviors for autonomous characters},
  booktitle = {Proc. of GDC 1999},
  year = {1999},
  pages = {763--782},
  address = {San Francisco, CA},
  publisher = {Miller Freeman Game Group}
}

@ARTICLE{reynolds:1987,
  author = {C.W. Reynolds},
  title = {Flocks, herds, and schools: a distributed behavioral model},
  journal = {Computer Graphics},
  year = {1987},
  volume = {21},
  pages = {25--34},
  number = {4},
  doi = {10.1145/37402.37406}
}

@ARTICLE{reynolds:1982,
  author = {C.W. Reynolds},
  title = {Computer animation with scripts and actors},
  journal = {Computer Graphics},
  year = {1982},
  volume = {16},
  pages = {289--296},
  number = {3},
  comment = {!find [to]},
  doi = {10.1145/965145.801293}
}

@MASTERSTHESIS{reynolds:1978,
  author = {C.W. Reynolds},
  title = {Computer Animation in the World of Actors and Scripts},
  school = {Massachusetts Institute of Technology, The Architecture Machine Group},
  year = {1978},
  address = {Cambridge, MA},
  comment = {!find [to]; originally denoted as SM Thesis}
}

@BOOK{rucker:1993,
  title = {Artificial Life Lab},
  publisher = {Waite Group Press},
  year = {1993},
  author = {R. Rucker},
  address = {Corte Madera, CA}
}

@ARTICLE{shaw:1962,
  author = {E. Shaw},
  title = {The schooling of fishes},
  journal = {Scientific American},
  year = {1962},
  volume = {206},
  pages = {128--138},
  number = {6},
  comment = {!read [to]}
}

@ARTICLE{speakman:1998,
  author = {J.R. Speakman and D. Banks},
  title = {The function of flight formation in {Greylag} geese \emph{Anser anser}; energy saving or orientation?},
  journal = {Ibis},
  year = {1998},
  volume = {140},
  pages = {280--287},
  number = {2},
  comment = {!find [to]}
}

@INPROCEEDINGS{spector:2002,
  author = {L. Spector and J. Klein},
  title = {Evolutionary dynamics discovered via visualization in the {BREVE} simulation environment},
  booktitle = {Workshop Proc. of Artificial Life VIII},
  year = {2002},
  editor = {E. Bilotta, et al.},
  pages = {163--170},
  address = {Sydney},
  publisher = {UNSW Press},
  comment = {!read [to]}
}

@INPROCEEDINGS{spector:2003,
  author = {L. Spector and J. Klein and C. Perry and M. Feinstein},
  title = {Emergence of collective behavior in evolving populations of flying agents},
  booktitle = {Proc. of GECCO 2003},
  year = {2003},
  editor = {E. {Cant\' u-Paz}, et al.},
  volume = {2723},
  series = {Lecture Notes in Computer Science},
  pages = {61--73},
  address = {Berlin},
  publisher = {Springer-Verlag},
  comment = {!read [to]}
}

@INPROCEEDINGS{tanner:2003a,
  author = {H.G. Tanner and A. Jadbabaie and G.J. Pappas},
  title = {Stable flocking of mobile agents, part {I}: fixed topology},
  booktitle = {Proc. of 42nd IEEE Conf. on Decision and Control (Maui, Hawaii)},
  year = {2003},
  pages = {2010--2015},
  comment = {!read [to]; http://www.unm.edu/~tanner/Papers/boids_smooth.pdf}
}

@INPROCEEDINGS{tanner:2003b,
  author = {H.G. Tanner and A. Jadbabaie and G.J. Pappas},
  title = {Stable flocking of mobile agents, part {II}: dynamic topology},
  booktitle = {Proc. of 42nd IEEE Conf. on Decision and Control (Maui, Hawaii)},
  year = {2003},
  pages = {2016--2021},
  comment = {!read [to]; http://www.unm.edu/~tanner/Papers/boids_nonsmooth.pdf}
}

@ARTICLE{terzopoulos:1999,
  author = {D. Terzopoulos},
  title = {Artificial life for computer graphics},
  journal = {Communications of the ACM},
  year = {1999},
  volume = {42},
  pages = {32--42},
  number = {8},
  doi = {10.1145/310930.310966}
}

@ARTICLE{terzopoulos:1994,
  author = {D. Terzopoulos and X. Tu and R. Grzeszczuk},
  title = {Artificial fishes: autonomous locomotion, perception, behavior, and learning in a simulated physical world},
  journal = {Artificial Life},
  year = {1994},
  volume = {1},
  pages = {327--351},
  number = {4}
}

@BOOK{tu:1999,
  title = {Artificial Animals for Computer Animation: Biomechanics, Locomotion, Perception and Behavior},
  publisher = {Springer},
  year = {1999},
  author = {X. Tu},
  volume = {1635},
  series = {Lecture Notes in Computer Science},
  address = {New York}
}

@ARTICLE{tu:1994,
  author = {X. Tu and D. Terzopoulos},
  title = {Artificial fishes: physics, locomotion, perception, behavior},
  journal = {Computer Graphics},
  year = {1994},
  volume = {28},
  pages = {43--50},
  number = {4},
  doi = {10.1145/192161.192170}
}

@BOOK{turchin:1998,
  title = {Quantitative Analysis of Movement: Measuring and Modeling Population Redistribution in Animals and Plants},
  publisher = {Sinauer Associates},
  year = {1998},
  author = {P. Turchin},
  address = {Sunderland, MA},
  comment = {!find [to]}
}

@ARTICLE{vakalis:2004a,
  author = {D. Vakalis and H. Sarimveis and C. Kiranoudis and A. Alexandridis and G. Bafas},
  title = {A {GIS} based operational system for wildland fire crisis management {I.} Mathematical modelling and simulation},
  journal = {Applied Mathematical Modelling},
  year = {2004},
  volume = {28},
  pages = {389--410},
  number = {4},
  doi = {10.1016/j.apm.2003.10.005}
}

@ARTICLE{vakalis:2004b,
  author = {D. Vakalis and H. Sarimveis and C. Kiranoudis and A. Alexandridis and G. Bafas},
  title = {A {GIS} based operational system for wildland fire crisis management {II.} System architecture and case studies},
  journal = {Applied Mathematical Modelling},
  year = {2004},
  volume = {28},
  pages = {411--425},
  number = {4},
  doi = {10.1016/j.apm.2003.10.006}
}

@ARTICLE{walus:2004,
  author = {K. Walus and T.J. Dysart and G.A. Jullien and A.R. Budiman},
  title = {{QCADesigner}: a rapid design and simulation tool for quantum-dot cellular automata},
  journal = {IEEE Transactions on Nanotechnology},
  year = {2004},
  volume = {3},
  pages = {26--31},
  number = {1},
  doi = {10.1109/TNANO.2003.820815}
}

@ARTICLE{ward:2001,
  author = {C.R. Ward and F. Gobet and G. Kendall},
  title = {Evolving collective behavior in an artificial ecology},
  journal = {Artificial Life},
  year = {2001},
  volume = {7},
  pages = {191--209},
  number = {2}
}

@ARTICLE{watts:1998,
  author = {J.M. Watts},
  title = {Animats: computer-simulated animals in behavioral research},
  journal = {Journal of Animal Science},
  year = {1998},
  volume = {76},
  pages = {2596--2604},
  number = {10}
}

@INPROCEEDINGS{wilson:1985,
  author = {S.W. Wilson},
  title = {Knowledge growth in an artificial animal},
  booktitle = {Proc. of ICGA'85},
  year = {1985},
  editor = {J.J. Grafenstette},
  pages = {16--23},
  address = {Hillsdale, NJ},
  publisher = {Lawrence Erlbaum Associates}
}

@ARTICLE{wiltschko:2005,
  author = {R. Wiltschko and U. Nehmzow},
  title = {Simulating pigeon navigation},
  journal = {Animal Behaviour},
  year = {2005},
  volume = {69},
  pages = {813--826},
  number = {4},
  comment = {!read [to]},
  doi = {10.1016/j.anbehav.2004.07.007}
}

@ARTICLE{wolfram:1983,
  author = {S. Wolfram},
  title = {Cellular Automata},
  journal = {Los Alamos Science},
  year = {1983},
  volume = {9},
  pages = {2--21}
}

@ARTICLE{wu:2003,
  author = {J. Wu and Z. Popovi{\' c}},
  title = {Realistic modeling of bird flight animations},
  journal = {ACM Transactions on Graphics},
  year = {2003},
  volume = {22},
  pages = {888--895},
  number = {3},
  doi = {10.1145/882262.882360}
}

@ARTICLE{zadeh:1965,
  author = {L.A. Zadeh},
  title = {Fuzzy Sets},
  journal = {Journal of Information and Control},
  year = {1965},
  volume = {8},
  pages = {338--353},
  number = {3}
}

@INPROCEEDINGS{zaera:1996,
  author = {N. Zaera and D. Cliff and J. Bruten},
  title = {(Not) evolving collective behaviours in synthetic fish},
  booktitle = {Proc. of SAB96},
  year = {1996},
  editor = {P. Maes, et al.},
  series = {From Animals to Animats 4},
  pages = {635--644},
  address = {Cambridge, MA},
  publisher = {MIT Press}
}

@BOOK{zimmermann:2001,
  title = {Fuzzy Set Theory -- and its Applications},
  publisher = {Kluwer Academic Publishers},
  year = {2001},
  author = {H.-J. Zimmermann},
  address = {Boston, MA},
  edition = {Fourth}
}

@BOOK{parrish:1997a,
  title = {Animal Groups in Three Dimensions},
  publisher = {Cambridge University Press},
  year = {1997},
  editor = {J.K. Parrish and W.M. Hamner},
  address = {New York}
}

