@article{deisboeck2009collective,
	title={Collective behavior in cancer cell populations},
	author={Deisboeck, T. S. and Couzin, I. D.},
	journal={Bioessays},
	volume={31},
	number={2},
	pages={190--197},
	year={2009},
	publisher={Wiley Online Library},
	doi={10.1002/bies.200800084}
}

@article{lebarbajec2009organized,
	title={Organized flight in birds},
	volume={78},
	number={4},
	journal={Animal Behaviour},
	publisher={Elsevier Ltd},
	author={Lebar Bajec, I. and Heppner, F. H.},
	year={2009},
	pages={777--789},
	doi={10.1016/j.anbehav.2009.07.007}
}

@article{sumpter2006principles,
	title={The principles of collective animal behaviour},
	author={Sumpter, D. J. T.},
	journal={Philosophical Transactions of the Royal Society B: Biological Sciences},
	volume={361},
	number={1465},
	pages={5--22},
	year={2006},
	publisher={The Royal Society},
	doi={10.1098/rstb.2005.1733}
}

@article{vicsek1995novel,
	title={Novel type of phase transition in a system of self-driven particles},
	author={Vicsek, T. and Czir{\'o}k, A. and Ben-Jacob, E. and Cohen, I. and Shochet, O.},
	journal={Physical Review Letters},
	volume={75},
	number={6},
	pages={1226--1229},
	year={1995},
	publisher={APS},
	doi={10.1103/PhysRevLett.75.1226}
}

@article{xu2014crowd,
	year={2014},
	journal={Journal of Computer Science and Technology},
	volume={29},
	number={5},
	doi={10.1007/s11390-014-1469-y},
	title={Crowd Simulation and Its Applications: Recent Advances},
	publisher={Springer US},
	author={Xu, M. and Jiang, H. and Jin, X. and Deng, Z.},
	pages={799-811}
}

@article{silverberg2013collective,
	title={Collective Motion of Humans in Mosh and Circle Pits at Heavy Metal Concerts},
	author={Silverberg, J. L. and Bierbaum, M. and Sethna, J. P. and Cohen, I.},
	journal={Physical Review Letters},
	volume={110},
	issue={22},
	pages={228701},
	numpages={5},
	year={2013},
	month={May},
	publisher={American Physical Society},
	doi={10.1103/PhysRevLett.110.228701}
}

@inproceedings{spector2003emergence,
	title={Emergence of collective behavior in evolving populations of flying agents},
	author={Spector, L. and Klein, J. and Perry, C. and Feinstein, M.},
	booktitle={Genetic and Evolutionary Computation - GECCO 2003},
	pages={200},
	year={2003},
	organization={Springer}
}

@article{spector2005emergence,
	author={Spector, L. and Klein, J. and Perry, C. and Feinstein, M.},
	title={Emergence of Collective Behavior in Evolving Populations of Flying Agents},
	journal={Genetic Programming and Evolvable Machines},
	year={2005},
	volume={6},
	pages={111--125},
	number={1},
	address={Berlin},
	doi={10.1007/s10710-005-7620-3},
	publisher={Springer-Verlag},
	series={Lecture Notes in Computer Science}
}

@book{nahin2012chases,
	title={Chases and Escapes: The Mathematics of Pursuit and Evasion},
	author={Nahin, P. J.},
	year={2012},
	publisher={Princeton University Press}
}

@book{tennekes2009simple,
	title={The Simple Science of Flight, Revised and Expanded Edition: From Insects to Jumbo Jets},
	author={Tennekes, H.},
	year={2009},
	publisher={MIT press, London}
}

@article{wei2009pursuit,
	title={Pursuit and an evolutionary game},
	author={Wei, E. and Justh, E. W. and Krishnaprasad, P. S.},
	journal={Proceedings of the Royal Society A: Mathematical, Physical and Engineering Science},
	volume={465},
	number={2105},
	pages={1539--1559},
	year={2009},
	publisher={The Royal Society},
	doi={10.1098/rspa.2008.0480}
}

@article{bill1976drag,
	title={Drag reduction by formation movement in spiny lobsters},
	author={Bill, R. G. and Herrnkind, W. F.},
	journal={Science},
	volume={193},
	number={4258},
	pages={1146--1148},
	year={1976},
	publisher={American Association for the Advancement of Science},
	doi={10.1126/science.193.4258.1146}
}

@book{krebs1994behavioural,
	title={Behavioural ecology: an evolutionary approach},
	author={Krebs, J.R. and Davies, N.B.},
	year={1994},
	publisher={John Wiley \& Sons},
	edition={4}
}

@article{hemelrijk2014increased,
	title={The increased efficiency of fish swimming in a school},
	author={Hemelrijk, C. K. and Reid, D. A. P. and Hildenbrandt, H. and Padding, J. T.},
	journal={Fish and Fisheries},
	volume={16},
	number={3},
	issn={1467-2979},
	doi={10.1111/faf.12072},
	pages={511--521},
	year={2015}
}

@article{portugal2014upwash,
	title={Upwash exploitation and downwash avoidance by flap phasing in ibis formation flight},
	author={Portugal, S. J. and Hubel, T. Y. and Fritz, J. and Heese, S. and Trobe, D. and Voelkl, B. and Hailes, S. and Wilson, A. M. and Usherwood, J. R.},
	journal={Nature},
	volume={505},
	number={7483},
	pages={399--402},
	year={2014},
	publisher={Nature Publishing Group},
	doi={10.1038/nature12939}
}

@article{marras2015fish,
	author={Marras, S. and Killen, S. S. and Lindstr{\"o}m, J. and McKenzie, D. J. and Steffensen, J. F. and Domenici, P.},
	title={Fish swimming in schools save energy regardless of their spatial position},
	journal={Behavioral Ecology and Sociobiology},
	year={2015},
	volume={69},
	number={2},
	pages={219--226},
	issn={1432-0762},
	doi={10.1007/s00265-014-1834-4}
}

@article{cresswell2011predicting,
	title={Predicting the optimal prey group size from predator hunting behaviour},
	author={Cresswell, W. and Quinn, J. L.},
	journal={Journal of Animal Ecology},
	volume={80},
	number={2},
	pages={310--319},
	year={2011},
	publisher={Wiley Online Library},
	doi={10.1111/j.1365-2656.2010.01775.x}
}

@article{hart2005predator,
	title={Predator avoidance as a function of flocking in the sexually dichromatic Hawaii akepa},
	author={Hart, P. J. and Freed, L. A.},
	journal={Journal of Ethology},
	volume={23},
	number={1},
	pages={29--33},
	year={2005},
	publisher={Springer},
	doi={10.1007/s10164-004-0124-4}
}

@book{krause2002living,
	title={Living in groups},
	author={Krause, J. and Ruxton, G.},
	year={2002},
	publisher={Oxford University Press, USA}
}

@article{larsson2012why,
	Author={Larsson, M.},
	ISSN={16745507},
	Journal={Current Zoology},
	Number={1},
	Pages={116--128},
	Title={Why do fish school?},
	Volume={58},
	Year={2012},
	doi={10.1093/czoolo/58.1.116}
}

@article{nishimura2002predator,
	title={A predator's selection of an individual prey from a group},
	author={Nishimura, S. I.},
	journal={Biosystems},
	volume={65},
	number={1},
	pages={25--35},
	year={2002},
	publisher={Elsevier},
	doi={10.1016/S0303-2647(01)00191-5}
}

@inproceedings{nishimura2000studying,
	title={Studying attention dynamics of a predator in a prey-predator system},
	author={Nishimura, S. I.},
	booktitle={Artificial Life VII:Proceedings of the Seventh International Conference on Artificial Life},
	pages={337--342},
	year={2000},
	publisher={MIT Press}
}

@article{pavlov2000patterns,
	title={Patterns and mechanisms of schooling behavior in fish: a review},
	author={Pavlov, D. S. and Kasumyan, A. O.},
	journal={Journal of Ichthyology},
	volume={40},
	number={2},
	pages={163--231},
	year={2000}
}

@article{hamilton1971geometry,
	title={Geometry for the selfish herd},
	volume={31},
	number={2},
	journal={Journal of Theoretical Biology},
	publisher={Elsevier},
	author={Hamilton, W. D.},
	year={1971},
	pages={295--311},
	doi={10.1016/0022-5193(71)90189-5}
}

@article{demsar2015simulating,
	title={Simulating predator attacks on schools: Evolving composite tactics},
	author={Dem≈°ar, J. and Hemelrijk, C. K. and Hildenbrandt, H. and Lebar Bajec, I.},
	journal={Ecological Modelling},
	volume={304},
	pages={22--33},
	year={2015},
	publisher={Elsevier},
	doi={10.1016/j.ecolmodel.2015.02.018}
}

@inproceedings{kunz2006prey,
	title={On prey grouping and predator confusion in artificial fish schools},
	author={Kunz, H. and Z{\"u}blin, T. and Hemelrijk, C. K.},
	booktitle={Proceedings of the Tenth International Conference of Artificial Life},
	year={2006},
	pages={365--371},
	organization={MIT Press},
}

@article{olson2013predator,
	title={Predator confusion is sufficient to evolve swarming behaviour},
	author={Olson, R. S. and Hintze, A. and Dyer, F. C. and Knoester, D. B. and Adami, C.},
	journal={Journal of The Royal Society Interface},
	volume={10},
	number={85},
	year={2013},
	publisher={The Royal Society},
	doi={10.1098/rsif.2013.0305}
}


@article{olson2016evolution,
	title={Evolution of swarming behavior is shaped by how predators attack},
	author={Olson, R. S. and Knoester, D. B. and Adami, C.},
	year={2016},
	journal={Artificial Life},
	volume={22},
	number={3},
	pages={299--318},
	doi={10.1162/ARTL_a_00206}
}

@article{zheng2005behavior,
	title={Behavior pattern (innate action) of individuals in fish schools generating efficient collective evasion from predation},
	author={Zheng, M. and Kashimori, Y. and Hoshino, O. and Fujita, K. and Kambara, T.},
	journal={Journal of Theoretical Biology},
	volume={235},
	number={2},
	pages={153--167},
	year={2005},
	publisher={Elsevier},
	doi={10.1016/j.jtbi.2004.12.025}
}

@article{elgar1989predator,
	title={Predator vigilance and group size in mammals and birds: a critical review of the empirical evidence},
	volume={64},
	number={1},
	journal={Biological Reviews of the Cambridge Philosophical Society},
	publisher={John Wiley & Sons},
	author={Elgar, M. A.},
	year={1989},
	pages={13--33},
	doi={10.1111/j.1469-185X.1989.tb00636.x}
}

@inproceedings{haley2014exploring,
	title={Exploring conditions that select for the evolution of cooperative group foraging},
	author={Haley, P. B. and Olson, R. S. and Dyer, F. C. and Adami, C.},
	booktitle={ALIFE 14: The Fourteenth Conference on the Synthesis and Simulation of Living Systems},
	volume={14},
	pages={310--311},
	year={2014},
	doi={10.7551/978-0-262-32621-6-ch050}
}

@article{ruxton2008application,
	title={The application of genetic algorithms in behavioural ecology, illustrated with a model of anti-predator vigilance},
	author={Ruxton, G. D. and Beauchamp, G.},
	journal={Journal of Theoretical Biology},
	volume={250},
	number={3},
	pages={435--448},
	year={2008},
	publisher={Elsevier},
	doi={10.1016/j.jtbi.2007.10.022}
}

@article{sadedin1998influence,
	title={The influence of flock size and geometry on the scanning behaviour of spotted turtle doves, Streptopelia chinensis},
	volume={23},
	number={2},
	journal={Austral Ecology},
	author={Sadedin, S. R. and Elgar, M. A.},
	year={1998},
	pages={177--180},
	doi={10.1111/j.1442-9993.1998.tb00715.x}
}

@article{galton1871gregariousness,
	title={Gregariousness in cattle and men},
	author={Galton, F.},
	journal={MacMillan's Magazine},
	volume={23},
	number={136},
	pages={353--357},
	year={1871}
}

@article{tosh2011conditions,
	title={Which conditions promote negative density dependent selection on prey aggregations?},
	author={Tosh, C. R.},
	journal={Journal of theoretical biology},
	volume={281},
	number={1},
	pages={24--30},
	year={2011},
	publisher={Elsevier},
	doi={10.1016/j.jtbi.2011.04.014}
}

@article{couzin2002collective,
	title={Collective memory and spatial sorting in animal groups},
	author={Couzin, I. D. and Krause, J. and James, R. and Ruxton, G. D. and Franks, N. R.},
	journal={Journal of Theoretical Biology},
	volume={218},
	number={1},
	pages={1--11},
	year={2002},
	publisher={Elsevier},
	doi={10.1006/jtbi.2002.3065}
}

@article{hildenbrandt2010selforganized,
	title={Self-organized aerial displays of thousands of starlings: a model},
	author={Hildenbrandt, H. and Carere, C. and Hemelrijk, C. K.},
	journal={Behavioral Ecology},
	volume={21},
	number={6},
	pages={1349--1359},
	year={2010},
	doi={10.1093/beheco/arq149}
}

@article{viscido2001response,
	title ={The Response of a Selfish Herd to an Attack from Outside the Group Perimeter},
	journal={Journal of Theoretical Biology},
	volume={208},
	number={3},
	pages={315--328},
	year={2001},
	doi={10.1006/jtbi.2000.2221},
	author={Viscido, S. V. and Miller, M. and Wethey D. S.}
}

@inproceedings{wilson1985knowledge,
	title={Knowledge growth in an artificial animal},
	author={Wilson, S. W.},
	booktitle={Proceedings of the 1st International Conference on Genetic Algorithms},
	pages={16--23},
	year={1985},
	organization={L. Erlbaum Associates Inc.}
}

@article{cliff1993adding,
	title={Adding ``Foveal Vision'' to {Wilson}'s Animat},
	author={Cliff, D. and Bullock, S.},
	journal={Adaptive Behavior},
	volume={2},
	number={1},
	pages={49--72},
	year={1993},
	publisher={Sage Publications},
	doi={10.1177/105971239300200103}
}

@article{watts1998animats,
	title={Animats: computer-simulated animals in behavioral research},
	author={Watts, J. M.},
	journal={Journal of Animal Science},
	volume={76},
	number={10},
	pages={2596--2604},
	year={1998}
}

@article{demsar2014simulated,
	title={Simulated predator attacks on flocks: a comparison of tactics},
	author={Dem≈°ar, J. and Lebar Bajec, I.},
	journal={Artificial Life},
	volume={20},
	number={3},
	pages={343--359},
	year={2014},
	publisher={MIT Press},
	doi={10.1162/ARTL_a_00135}
}

@article{lebarbajec2005simulating,
	title={Simulating flocks on the wing: the fuzzy approach},
	volume={233},
	number={2},
	journal={Journal of Theoretical Biology},
	author={Lebar Bajec, I. and Zimic, N. and Mraz, M.},
	year={2005},
	pages={199--220},
	doi={10.1016/j.jtbi.2004.10.003}
}

@article{mcculloch1943logical,
	title={A logical calculus of the ideas immanent in nervous activity},
	author={McCulloch, W. S. and Pitts, W.},
	journal={The bulletin of mathematical biophysics},
	volume={5},
	number={4},
	pages={115--133},
	year={1943},
	publisher={Springer},
	doi={10.1007/BF02478259}
}

@article{paruelo1997prediction,
	title={Prediction of functional characteristics of ecosystems: a comparison of artificial neural networks and regression models},
	author={Paruelo, J. M. and Tomasel, F.},
	journal={Ecological Modelling},
	volume={98},
	number={2},
	pages={173--186},
	year={1997},
	publisher={Elsevier},
	doi={10.1016/S0304-3800(96)01913-8}
}

@article{lek1999artificial,
	title={Artificial neural networks as a tool in ecological modelling, an introduction},
	author={Lek, S. and Gu{\'e}gan, J. F.},
	journal={Ecological Modelling},
	volume={120},
	number={2},
	pages={65--73},
	year={1999},
	publisher={Elsevier},
	doi={10.1016/S0304-3800(99)00092-7}
}

@article{ozesmi1999artificial,
	title={An artificial neural network approach to spatial habitat modelling with interspecific interaction},
	author={{\"O}zesmi, S. L. and {\"O}zesmi, U.},
	journal={Ecological Modelling},
	volume={116},
	number={1},
	pages={15--31},
	year={1999},
	publisher={Elsevier},
	doi={10.1016/S0304-3800(98)00149-5}
}

@article{zadeh1965fuzzy,
	title={Fuzzy sets},
	volume={8},
	number={3},
	journal={Information and Control},
	publisher={Elsevier},
	author={Zadeh, L. A.},
	editor={Yager, R. R. and Ovchinnikov, S. and Tong, R. M. and Nguyen, H. T.},
	year={1965},
	pages={338--353},
	doi={10.1016/S0019-9958(65)90241-X}
}

@article{mamdani1975experiment,
	title={An experiment in linguistic synthesis with a fuzzy logic controller},
	author={Mamdani, E. H. and Assilian, S.},
	journal={International journal of man-machine studies},
	volume={7},
	number={1},
	pages={1--13},
	year={1975},
	publisher={Elsevier},
	doi={10.1016/S0020-7373(75)80002-2}
}

@article{mamdani1974application,
	title={Application of fuzzy algorithms for control of simple dynamic plant},
	author={Mamdani, E. H.},
	journal={Proceedings of the Institution of Electrical Engineers},
	volume={121},
	number={12},
	pages={1585--1588},
	year={1974},
	publisher={IET},
	doi={10.1049/piee.1974.0328}
}

@book{herrera1996genetic,
	title={Genetic algorithms and soft computing},
	author={Herrera, F. and Verdegay, J. L.},
	year={1996},
	publisher={Physica-Verlag}
}

@book{kosko1994fuzzy,
	author={Kosko, B.},
	publisher={Harper Collins Publishers, London},
	title={Fuzzy Thinking: The New Science of Fuzzy Logic},
	year={1994}
}

@phdthesis{lebarbajec2005fuzzy,
	author={Lebar Bajec, I.},
	title={Fuzzy Model for a Computer Simulation of Bird Flocking},
	school={University of Ljubljana, Faculty of Computer and Information Science},
	address={Ljubljana, Slovenia},
	year={2005}
}

@book{mendel2001uncertain,
	author={Mendel, J. M.},
	publisher={Prentice--Hall, NJ},
	title={Uncertain rule-based fuzzy logic system: introduction and new directions},
	year={2001}
}

@inproceedings{demsar2013family,
	title={Family Bird: A Heterogeneous Simulated Flock},
	author={Dem≈°ar, J. and Lebar Bajec, I.},
	booktitle={Advances in Artificial Life, ECAL},
	volume={12},
	pages={1114--1115},
	year={2013},
	address={Taormina, Italy},
	publisher={MIT Press},
	doi={10.7551/978-0-262-31709-2-ch167}
}

@article{dasilva2008predator,
	title={Predator-prey fuzzy model},
	volume={214},
	number={1},
	journal={Ecological Modelling},
	publisher={ScienceDirect},
	author={da Silva Peixoto, M. and Debarros, L. and Bassanezi, R.},
	year={2008},
	pages={39--44},
	doi={10.1016/j.ecolmodel.2008.01.009}
}

@book{goldberg1989genetic,
	title={Genetic algorithms in search, optimization, and machine learning},
	author={Goldberg, D. E.},
	year={1989},
	publisher={Addison-Wesley Professional}
}

@book{goldberg2002design,
	title={The design of innovation: Lessons from and for competent genetic algorithms},
	author={Goldberg, D. E.},
	year={2002},
	publisher={Springer}
}

@book{holland1992adaptation,
	title={Adaptation in natural and artificial systems: an introductory analysis with applications to biology, control, and artificial intelligence},
	author={Holland, J. H.},
	year={1992},
	publisher={MIT press}
}

@inproceedings{biswas2014causes,
	title={Causes vs Benefits in the Evolution of Prey Grouping},
	author={Biswas, R. and Ofria, C. and Bryson, D. M. and Wagner, A. P.},
	booktitle={ALIFE 14: The Fourteenth Conference on the Synthesis and Simulation of Living Systems},
	volume={14},
	pages={641--648},
	year={2014},
	doi={10.7551/978-0-262-32621-6-ch103}
}

@article{hein2015evolution,
	title={The evolution of distributed sensing and collective computation in animal populations},
	author={Hein, A. M. and Rosenthal, S. B. and Hagstrom, G. I. and Berdahl, A. and Torney, C. J. and Couzin, I. D.},
	journal={eLife},
	pages={e10955},
	year={2015},
	publisher={eLife Sciences Publications Limited},
	doi={10.7554/eLife.10955.001}
}

@article{aoki1982simulation,
	title={A simulation study on the schooling mechanism in fish},
	author={Aoki, I.},
	journal={Bulletin of the Japanese Society of Scientific Fisheries},
	volume={48},
	year={1982},
	doi={10.2331/suisan.48.1081}
}

@article{reynolds1987flocks,
	title={Flocks, herds and schools: A distributed behavioral model},
	volume={21},
	number={4},
	journal={SIGGRAPH Computer Graphics},
	author={Reynolds, C. W.},
	year={1987},
	pages={25--34},
	doi={10.1145/37402.37406}
}

@incollection{heppner1990stochastic,
	title={A stochastic nonlinear model for coordinated bird flocks},
	booktitle={The Ubiquity of Chaos},
	publisher={AAAS Publications},
	author={Heppner, F. H. and Grenander, U.},
	year={1990},
	pages={233--238},
	editor={Krasner, E.}
}

@article{demsar2016balanced,
	title={A Balanced Mixture of Antagonistic Pressures Promotes the Evolution of Parallel Movement},
	author={Dem≈°ar, J. and ≈†trumbelj, E. and Lebar Bajec, I.},
	journal={Scientific Reports},
	volume={6},
	pages={srep39428},
	year={2016},
	publisher={Nature Publishing Group},
	doi={10.1038/srep39428}
}

@inproceedings{demsar2016evolution,
	title={Evolution of collective behaviour under various types of predation},
	author={Dem≈°ar, J.},
	booktitle={Collective Motion 2016: Math, biology, physics and engineering come together},
	year={2016},
	address={Uppsala, Sweden},
	pages={34} 
}

@article{demsar2017evolution,
	title={Evolution of Collective Behaviour in an Artificial World using Linguistic Fuzzy Rule-Based Systems},
	author={Dem≈°ar, J. and Lebar Bajec, I.},
	journal={PLoS ONE},
	volume={12},
	number={1},
	eid={e0168876},
	year={2017},
	publisher={PLoS},
	doi={10.1371/journal.pone.0168876}
}

@incollection{demsar2017studying,
	title={Studying predation tactics on grouping prey via individual-based computational models},
	author={Dem≈°ar, J. and Lebar Bajec, I.},
	chapter={4},
	booktitle={Horizons in Computer Science Research},
	series={Horizons in Computer Science},
	editor={Clary, Thomas S.}, 
	volume={13},
	year={2017}, 
	publisher={Nova Science Publishers},
	address={Hauppauge, NY, USA}
}

@article{parrish2002schools,
	author={Parrish, J. K. and Viscido, S. V. and Gr√ºnbaum, D.},
	title={Self-Organized Fish Schools: An Examination of Emergent Properties},
	volume={202},
	number={3},
	pages={296--305},
	year={2002},
	doi={10.2307/1543482},
	journal={The Biological Bulletin}
}

@article{schellinck2011review,
	title={A review of attraction and repulsion models of aggregation: Methods, findings and a discussion of model validation},
	journal={Ecological Modelling},
	volume={222},
	number={11},
	pages={1897--1911},
	year={2011},
	doi={10.1016/j.ecolmodel.2011.03.013},
	author={Schellinck, J. and White, T.}
}

@misc{sayers2009evolved,
	title={Evolved Flocking Under Predation in Simple Vehicles},
	author={Sayers, D.},
	year={2009},
	note={[Unpublished]},
	url={http://iotic.com/flock2/dsayers_evolflock_final.pdf}
}

@article{wood2007evolving,
	title={Evolving the selfish herd: emergence of distinct aggregating strategies in an individual-based model},
	author={Wood, A. J. and Ackland, G. J.},
	journal={Proceedings of the Royal Society B: Biological Sciences},
	volume={274},
	number={1618},
	pages={1637--1642},
	year={2007},
	publisher={The Royal Society},
	doi={10.1098/rspb.2007.0306}
}

@book{koza1992genetic,
	title={Genetic Programming: On the Programming of Computers by Means of Natural Selection},
	author={Koza, J. R.},
	year={1992},
	isbn={0-262-11170-5},
	publisher={MIT Press},
	address={Cambridge, MA, USA}
}

@article{reynolds1993evolved,
	title={An evolved, vision-based behavioral model of coordinated group motion},
	author={Reynolds, C. W.},
	journal={From animals to animats},
	volume={2},
	pages={384--392},
	year={1993},
}

@inproceedings{zaera1996not,
	title={(Not) Evolving Collective Behaviours in Synthetic Fish},
	author={Zaera, N. and Cliff, D.},
	booktitle={In Proceedings of International Conference on the Simulation of Adaptive Behavior},
	year={1996},
	pages={635--644},
	publisher={MIT Press}
}

@article{olson2015exploring,
	title={Exploring the evolution of a trade-off between vigilance and foraging in group-living organisms},
	author={Olson, R. S. and Haley, P. B. and Dyer, F. C. and Adami, C.},
	journal={Royal Society Open Science},
	volume={2},
	number={9},
	year={2015},
	doi={10.1098/rsos.150135}
}

@article{vicsek2012collective,
	title={Collective motion},
	author={Vicsek, T. and Zafeiris, A.},
	journal={Physics Reports},
	volume={517},
	number={3‚Äì4},
	pages={71--140},
	year={2012},
	publisher={Elsevier},
	doi={10.1016/j.physrep.2012.03.004}
}

@article{witkowski2016emergence,
	author={Witkowski, O. and Ikegami, T.},
	journal={PLoS ONE},
	publisher={PLoS},
	title={Emergence of Swarming Behavior: Foraging Agents Evolve Collective Motion Based on Signaling},
	year={2016},
	volume={11},
	number={4},
	pages={e0152756},
	doi={10.1371/journal.pone.0152756}
}

@book{cordon2001genetic,
	title={Genetic fuzzy systems: evolutionary tuning and learning of fuzzy knowledge bases},
	author={Cord{\'o}n, O.},
	volume={19},
	year={2001},
	publisher={World Scientific Publishing Company Incorporated}
}


@article{cordon2004ten,
	title={Ten years of genetic fuzzy systems: current framework and new trends},
	author={Cord{\'o}n, O. and Gomide, F. and Herrera, F. and Hoffmann, F. and Magdalena, L.},
	journal={Fuzzy sets and systems},
	volume={141},
	number={1},
	pages={5--31},
	year={2004},
	publisher={Elsevier},
	doi={10.1016/S0165-0114(03)00111-8}
}

@article{herrera2008genetic,
	title={Genetic fuzzy systems: taxonomy, current research trends and prospects},
	author={Herrera, F.},
	journal={Evolutionary Intelligence},
	volume={1},
	number={1},
	pages={27--46},
	year={2008},
	publisher={Springer},
	doi={10.1007/s12065-007-0001-5}
}

@book{pedrycz1996fuzzy,
	title={Fuzzy modelling: Paradigms and practice},
	author={Pedrycz, W.},
	year={1996},
	publisher={Kluwer Academic Publishers}
}

@book{sanchez1997genetic,
	title={Genetic algorithms and fuzzy logic systems: Soft computing perspectives},
	author={Sanchez, E. and Shibata, T. and Zadeh, L. A.},
	year={1997},
	publisher={World Scientific Publishing Company Incorporated}
}

@article{fernandez2015revisiting,
	title={Revisiting Evolutionary Fuzzy Systems: Taxonomy, applications, new trends and challenges},
	author={Fern{\'a}ndez, A. and L{\'o}pez, V. and del Jesus, M. J. and Herrera, F.},
	journal={Knowledge-Based Systems},
	volume={80},
	pages={109--121},
	year={2015},
	publisher={Elsevier},
	doi={10.1016/j.knosys.2015.01.013}
}

@article{holland1977cognitive,
	author={Holland, J. H. and Reitman, J. S.},
	title={Cognitive systems based on adaptive algorithms},
	journal={AMC SIGART Bulletin},
	year={1977},
	issn={0163-5719},
	pages={49--49},
	numpages={1},
	doi={10.1145/1045343.1045373},
	publisher={ACM},
	address = {New York, NY, USA}
}

@phdthesis{smith1980learning,
	title={A learning system based on genetic adaptive algorithms},
	author={Smith, S. F.},
	year={1980},
	school={University of Pittsburgh},
	address={Pittsburgh, PA}
}

@article{jarvis2014wholegenome,
	author={Jarvis, E. D. and Mirarab, S. and Aberer, A. J. and Li, B. and Houde, P. and Li, C. and Ho, S. Y. W. and Faircloth, B. C. and Nabholz, B. and Howard, J. T. and Suh, A. and Weber, C. C. and da Fonseca, R. R. and Li, J. and Zhang, F. and Li, H. and Zhou, L. and Narula, N. and Liu, L. and Ganapathy, G. and Boussau, B. and Bayzid, S. and Zavidovych, V. and Subramanian, S. and Gabald{\'o}n, T. and Capella-Guti{\'e}rrez, S. and Huerta-Cepas, J. and Rekepalli, B. and Munch, K. and Schierup, M. and Lindow, B. and Warren, W. C. and Ray, D. and Green, R. E. and Bruford, M. W. and Zhan, X. and Dixon, A. and Li, S. and Li, N. and Huang, Y. and Derryberry, E. P. and Bertelsen, M. F and Sheldon, F. H. and Brumfield, R. T. and Mello, C. V. and Lovell, P. V. and Wirthlin, M. and Schneider, M. P. C. and Prosdocimi, F. and Samaniego, J. A. and Velazquez, A. M. V. and Alfaro-N{\'u}{\~n}ez, A. and Campos, P. F. and Petersen, B. and Sicheritz-Ponten, T. and Pas, A. and Bailey, T. and Scofield, P. and Bunce, M. and Lambert, D. M. and Zhou, Q. and Perelman, P. and Driskell, A. C. and Shapiro, B. and Xiong, Z. and Zeng, Y. and Liu, S. and Li, Z. and Liu, B. and Wu, K. and Xiao, J. and Yinqi, X. and Zheng, Q. and Zhang, Y. and Yang, H. and Wang, J. and Smeds, L. and Rheindt, F. E. and Braun, M. and Fjeldsa, J. and Orlando, L. and Barker, F. K. and J{\o}nsson, K. A. and Johnson, W. and Koepfli, K. and O{\textquoteright}Brien, S. and Haussler, D. and Ryder, O. A. and Rahbek, C. and Willerslev, E. and Graves, G. R. and Glenn, T. C. and McCormack, J. and Burt, D. and Ellegren, H. and Alstr{\"o}m, P. and Edwards, S. V. and Stamatakis, A. and Mindell, D. P. and Cracraft, J. and Braun, E. L. and Warnow, T. and Jun, W. and Gilbert, M. T. P. and Zhang, G.},
	title={Whole-genome analyses resolve early branches in the tree of life of modern birds},
	volume={346},
	number={6215},
	pages={1320--1331},
	year={2014},
	doi={10.1126/science.1253451},
	publisher={American Association for the Advancement of Science},
	journal={Science}
}

@article {zoratto2010aerial,
  author= {Zoratto, F. and Carere, C. and Chiarotti, F. and Santucci, D. and Alleva, E.},
  title={Aerial hunting behaviour and predation success by peregrine falcons Falco peregrinus on starling flocks {Sturnus} vulgaris},
  journal={Journal of Avian Biology},
  volume={41},
  number={4},
  doi={10.1111/j.1600-048X.2010.04974.x},
  pages={427--433},
  year={2010},
}

@article{jolles2013heterogeneous,
	title={Heterogeneous structure in mixed-species corvid flocks in flight},
	author={Jolles, J. W. and King, A. J. and Manica, A. and Thornton, A.},
	journal={Animal Behaviour},
	volume={85},
	number={4},
	pages={743--750},
	doi={10.1016/j.anbehav.2013.01.015},
	year={2013},
	publisher={Elsevier}
}

@article{forsman1998visual,
	author={Forsman, A. and Appelqvist, S.},
	title={Visual predators impose correlational selection on prey color pattern and behavior},
	volume={9},
	number={4},
	pages={409--413},
	year={1998},
	doi={10.1093/beheco/9.4.409},
	journal={Behavioral Ecology}
}

@article{gazda2005division,
	author={Gazda, S. K. and Connor, R. C. and Edgar, R. K. and Cox, F.},
	title={A division of labour with role specialization in group-hunting bottlenose dolphins ({Tursiops} truncatus) off {Cedar} {Key}, {Florida}},
	volume={272},
	number={1559},
	pages={135--140},
	year={2005},
	doi={10.1098/rspb.2004.2937},
	journal={Proceedings of the Royal Society B: Biological Sciences}
}

@article{handegard2012dynamics,
	title={The Dynamics of Coordinated Group Hunting and Collective Information Transfer among Schooling Prey},
	author={Handegard, N. O. and Boswell, K. M. and Ioannou, C. C. and Leblanc, S. P. and Tj{\o}stheim, D. B. and Couzin, I. D.},
	journal={Current Biology},
	year={2012},
	publisher={Elsevier},
	volume={22},
	number={13},
	pages={1213--1217},
	doi={10.1016/j.cub.2012.04.050}
}

@article{hector1986cooperative,
	author={Hector, D. P.},
	title={Cooperative Hunting and its Relationship to Foraging Success and Prey Size in an Avian Predator},
	journal={Ethology},
	volume={73},
	number={3},
	publisher={Blackwell Publishing Ltd},
	issn={1439-0310},
	doi={10.1111/j.1439-0310.1986.tb00915.x},
	pages={247--257},
	year={1986}
}

@article{kane2014falcons,
	title={Falcons pursue prey using visual motion cues: new perspectives from animal-borne cameras},
	author={Kane, S. A. and Zamani, M.},
	journal={Journal of Experimental Biology},
	volume={217},
	number={2},
	pages={225--234},
	year={2014},
	publisher={The Company of Biologists Ltd},
	doi={10.1242/jeb.092403}
}

@article{lopez2006bottlenose,
	title={Bottlenose dolphin ({Tursiops} truncatus) predation on a marine fin fish farm: some underwater observations},
	author={L{\'o}pez, B. D.},
	journal={Aquatic Mammals},
	volume={32},
	number={3},
	pages={305--310},
	year={2006},
	publisher={European Association for Aquatic Mammals},
	doi={10.1578/AM.32.3.2006.305}
}

@article{nottestad2002digging,
	year={2002},
	issn={0722-4060},
	journal={Polar Biology},
	volume={25},
	number={12},
	doi={10.1007/s00300-002-0437-0},
	title={Digging in the deep: killer whales' advanced hunting tactic},
	publisher={Springer-Verlag},
	author={N√∏ttestad, L. and Fern√∂, A. and Axelsen, B. E.},
	pages={939--941},
	language={English}
}

@article{rutz2012predator,
	title={Predator fitness increases with selectivity for odd prey},
	author={Rutz, C.},
	journal={Current Biology},
	volume={22},
	number={9},
	pages={820--824},
	year={2012},
	doi={10.1016/j.cub.2012.03.028}
}

@article{partridge1982structure,
	title={The structure and function of fish schools},
	author={Partridge, B. L.},
	journal={Scientific American},
	volume={246},
	number={6},
	pages={114--123},
	year={1982},
	doi={10.1038/scientificamerican0682-114}
}

@article{tunstrom2013collective,
	title={Collective states, multistability and transitional behavior in schooling fish},
	author={Tunstr{\o}m, K. and Katz, Y. and Ioannou, C. C. and Huepe, C. and Lutz, M. J. and Couzin, I. D.},
	journal={PLoS Computational Biology},
	volume={9},
	number={2},
	pages={e1002915},
	year={2013},
	publisher={Public Library of Science},
	doi={10.1371/journal.pcbi.1002915}
}

@article{marras2015notsofast,
	author = {Marras, S. and Noda, T. and Steffensen, J. F. and Svendsen, M. B. S. and Krause, J. and Wilson, A. D. M. and Kurvers, R. H. J. M. and Herbert-Read, J. and Boswell, K. M. and Domenici, P.},
	title = {Not So Fast: Swimming Behavior of Sailfish during Predator‚ÄìPrey Interactions using High-Speed Video and Accelerometry},
	volume = {55},
	number = {4},
	pages = {719-727},
	year = {2015},
	doi = {10.1093/icb/icv017},
	journal = {Integrative and Comparative Biology}
}

@article{domenici2014howsailfish,
	author={Domenici, P. and Wilson, A. D. M. and Kurvers, R. H. J. M. and Marras, S. and Herbert-Read, J. E. and Steffensen, J. F. and Krause, S. and Viblanc, P. E. and Couillaud, P. and Krause, J.},
	title={How sailfish use their bills to capture schooling prey},
	volume={281},
	number={1784},
	pages={20140444},
	year={2014},
	doi={10.1098/rspb.2014.0444},
	publisher={The Royal Society},
	issn={0962-8452},
	journal={Proceedings of the Royal Society of London B: Biological Sciences}
}

@incollection{engle1999individual,
	title={Individual differences in working memory capacity and what they tell us about controlled attention, general fluid intelligence, and functions of the prefrontal cortex},
	author={Engle, R. W. and Kane, M. J. and Tuholski, S. W.},
	booktitle={Mechanisms of active maintenance and executive control},
	editor={Miyake, A. and Shah, P.},
	pages={102--134},
	year={1999},
	publisher={Cambridge University Press},
	doi={10.1017/CBO9781139174909.007}
}

@article{sherry1989hippocampus,
	title={Hippocampus and memory for food caches in black-capped chickadees},
	author={Sherry, D. F. and Vaccarino, A. L.},
	journal={Behavioral Neuroscience},
	volume={103},
	number={2},
	pages={308--318},
	year={1989},
	publisher={American Psychological Association},
	doi={10.1037/0735-7044.103.2.308}
}

@article{muro2011wolfpack,
	title={Wolf-pack ({Canis} lupus) hunting strategies emerge from simple rules in computational simulations},
	author={Muro, C. and Escobedo, R. and Spector, L. and Coppinger, R. P.},
	journal={Behavioural processes},
	volume={88},
	number={3},
	pages={192--197},
	year={2011},
	publisher={Elsevier},
	doi={10.1016/j.beproc.2011.09.006}
}

@article {escobedo2014groupsize,
	author={Escobedo, R. and Muro, C. and Spector, L. and Coppinger, R. P.},
	title={Group size, individual role differentiation and effectiveness of cooperation in a homogeneous group of hunters},
	volume={11},
	number={95},
	pages={20140204},
	year={2014},
	doi={10.1098/rsif.2014.0204},
	publisher={The Royal Society},
	journal={Journal of The Royal Society Interface}
}

@article{fanshawe1993factors,
	title={Factors influencing the hunting success of an {African} wild dog pack},
	journal={Animal Behaviour},
	volume={45},
	number={3},
	pages={479--490},
	year={1993},
	doi={10.1006/anbe.1993.1059},
	author={Fanshawe, J. H. and Fitzgibbon, C. D.}
}

@article{creel1995communal,
	title={Communal hunting and pack size in {African} wild dogs, {Lycaon} pictus},
	journal={Animal Behaviour},
	volume={50},
	number={5},
	pages={1325--1339},
	year={1995},
	doi={10.1016/0003-3472(95)80048-4},
	author={Creel, S. and Creel, N. M.}
}

@article{scheel1991group,
	title={Group hunting behaviour of lions: a search for cooperation},
	journal={Animal Behaviour},
	volume={41},
	number={4},
	pages={697--709},
	year={1991},
	doi={10.1016/S0003-3472(05)80907-8},
	author={Scheel, D. and Packer, C.}
}

@article{lett2004continuous,
	title={Continuous cycling of grouped vs. solitary strategy frequencies in a predator--prey model},
	author={Lett, C. and Auger, P. and Gaillard, J-M.},
	journal={Theoretical Population Biology},
	volume={65},
	number={3},
	pages={263--270},
	year={2004},
	publisher={Elsevier},
	doi={10.1016/j.tpb.2003.10.005}
}

@article{roche2013finding,
	author={Roche, D. G. and Binning, S. A. and Bosiger, Y. and Johansen, J. L. and Rummer, J. L.},
	title={Finding the best estimates of metabolic rates in a coral reef fish},
	volume={216},
	number={11},
	pages={2103--2110},
	year={2013},
	doi={10.1242/jeb.082925},
	publisher = {The Company of Biologists Ltd},
	journal = {Journal of Experimental Biology}
}

@article{norin2016measurement,
	author={Norin, T. and Clark, T. D.},
	title={Measurement and relevance of maximum metabolic rate in fishes},
	journal={Journal of Fish Biology},
	volume={88},
	number={1},
	publisher={Blackwell Publishing Ltd},
	doi={10.1111/jfb.12796},
	pages={122--151},
	year={2016}
}

@Article{fine2013unifying,
	author={Fine, B. T. and Shell, D. A.},
	title={Unifying microscopic flocking motion models for virtual, robotic, and biological flock members},
	journal={Autonomous Robots},
	year={2013},
	volume={35},
	number={2},
	pages={195--219},
	doi={10.1007/s10514-013-9338-z}
}

@article{tron2004mathematical,
	title={Mathematical modeling of observed natural behavior: a fuzzy logic approach},
	journal={Fuzzy Sets and Systems},
	volume={146},
	number={3},
	pages={437--450},
	year={2004},
	doi={10.1016/j.fss.2003.09.005},
	author={Tron, E. and Margaliot, M.}
}

@article{justh2006steering,
	title={Steering laws for motion camouflage},
	author={Justh, E. W. and Krishnaprasad, P. S.},
	journal={Proceedings of the Royal Society A: Mathematical, Physical and Engineering Science},
	volume={462},
	number={2076},
	pages={3629--3643},
	year={2006},
	publisher={The Royal Society},
	doi={10.1098/rspa.2006.1742}
}

@article{nishimura1997emergence,
	title={Emergence of collective strategies in a prey--predator game model},
	volume={3},
	number={4},
	journal={Artificial Life},
	publisher={MIT Press},
	author={Nishimura, S. I. and Ikegami, T.},
	year={1997},
	pages={243--260},
	doi={10.1162/artl.1997.3.4.243}
}

@article{lissaman1970formation,
	title={Formation flight of birds},
	author={Lissaman, P. B. and Shollenberger, C. A.},
	journal={Science},
	volume={168},
	number={3934},
	pages={1003--1005},
	year={1970},
	doi={10.1126/science.168.3934.1003}
}

@article{partridge1979evidence,
	title={Evidence against a hydrodynamic function for fish schools},
	author={Partridge, B. L. and Pitcher, T. J.},
	journal={Nature},
	volume={279},
	number={5712},
	pages={418--419},
	year={1979},
	doi={10.1038/279418a0}
}

@article{usherwood2011flying,
	title={Flying in a flock comes at a cost in pigeons},
	author={Usherwood, J. R. and Stavrou, M. and Lowe, J. C. and Roskilly, K. and Wilson, A. M.},
	journal={Nature},
	volume={474},
	number={7352},
	pages={494--497},
	year={2011},
	publisher={Nature Publishing Group},
	doi={10.1038/nature10164}
}

@incollection{heppner1997threedimensional,
	title={Three-dimensional structure and dynamics of bird flocks},
	booktitle={Animal groups in three dimensions},
    editor = {J.K. Parrish and W.M. Hamner},
	publisher={Cambridge University Press},
	author={Heppner, F. H.},
	year={1997},
	pages={68--89},
	doi={10.1017/CBO9780511601156.005}
}

@article{heppner1974avian,
	title={Avian flight formations},
	volume={45},
	number={2}, 
	journal={Bird Banding},
	publisher={Northeastern Bird-Banding Association, Inc.},
	author={Heppner, F. H.},
	pages={160--169},
	year={1974},
	doi={10.2307/4512025}
}

@article{hemelrijk2011somecauses,
	author={Hemelrijk, C. K. and Hildenbrandt, H.},
	journal={PLoS ONE},
	publisher={Public Library of Science},
	title={Some Causes of the Variable Shape of Flocks of Birds},
	year={2011},
	volume={6},
	pages={e22479},
	number={8},
	doi={10.1371/journal.pone.0022479}
}

@article{huth1994simulation,
	title={The simulation of fish schools in comparison with experimental data},
	author={Huth, A. and Wissel, C.},
	journal={Ecological Modelling},
	volume={75},
	pages={135--146},
	year={1994},
	publisher={Elsevier},
	doi={10.1016/0304-3800(94)90013-2}
}

@article{huth1992simulation,
	title={The simulation of the movement of fish schools},
	author={Huth, A. and Wissel, C.},
	journal={Journal of Theoretical Biology},
	volume={156},
	number={3},
	pages={365--385},
	year={1992},
	publisher={Elsevier},
	doi={10.1016/0304-3800(94)90013-2}
}

@article{kunz2012simulations,
	title={Simulations of the social organization of large schools of fish whose perception is obstructed},
	author={Kunz, H. and Hemelrijk, C. K.},
	journal={Applied Animal Behaviour Science},
	year={2012},
	publisher={Elsevier},
	volume={138},
	number={3--4},
	pages={142--151},
	doi={10.1016/j.applanim.2012.02.002}
}

@article{ballerini2008interaction,
	title={Interaction ruling animal collective behavior depends on topological rather than metric distance: Evidence from a field study},
	author={Ballerini, M. and Cabibbo, N. and Candelier, R. and Cavagna, A. and Cisbani, E. and Giardina, I. and Lecomte, V. and Orlandi, A. and Parisi, G. and Procaccini, A.},
	journal={Proceedings of the National Academy of Sciences},
	volume={105},
	number={4},
	pages={1232--1237},
	year={2008},
	publisher={National Academy of Sciences},
	doi={10.1073/pnas.0711437105}
}

@article{ballerini2008empirical,
	title={Empirical investigation of starling flocks: a benchmark study in collective animal behaviour},
	author={Ballerini, M. and Cabibbo, N. and Candelier, R. and Cavagna, A. and Cisbani, E. and Giardina, I. and Orlandi, A. and Parisi, G. and Procaccini, A. and Viale, M.},
	journal={Animal Behaviour},
	volume={76},
	number={1},
	pages={201--215},
	year={2008},
	publisher={Elsevier},
	doi={10.1016/j.anbehav.2008.02.004}
}

@article{czirok2000collective,
	title={Collective behavior of interacting self-propelled particles},
	author={Czir{\'o}k, A. and Vicsek, T.},
	journal={Physica A: Statistical Mechanics and its Applications},
	volume={281},
	number={1},
	pages={17--29},
	year={2000},
	publisher={Elsevier},
	doi={10.1016/S0378-4371(00)00013-3}
}

@inproceedings{moskon2007fuzzy,
	title={Fuzzy model of bird flock foraging behavior},
	author={Mo≈°kon, M. and Heppner, F. H. and Mraz, M. and Zimic, N. and Lebar Bajec, I.},
	booktitle={Proceedings of the 6th EUROSIM Congress on Modelling and Simulation},
	volume={1028},
	pages={1--6},
	year={2007}
}

@article{inada2002order,
	title={Order and Flexibility in the Motion of Fish Schools},
	volume={214},
	number={3},
	journal={Journal of Theoretical Biology},
	author={Inada, Y. and Kawachi, K.},
	year={2002},
	pages={371--387},
	doi={10.1006/jtbi.2001.2449}
}

@article{lee2006dynamics,
	title={Dynamics of prey-flock escaping behavior in response to predator's attack},
	volume={240},
	number={2},
	journal={Journal of Theoretical Biology},
	author={Lee, S.-H. and Pak, H. K. and Chon, T.-S.},
	year={2006},
	pages={250--259},
	doi={10.1016/j.jtbi.2005.09.009}
}

@inproceedings{stephens2003modelling,
	title={Modelling fish behaviour},
	booktitle={Proceedings of the 1st international conference on Computer graphics and interactive techniques in Austalasia and South East Asia},
	publisher={ACM},
	author={Stephens, K. and Pham, B. and Wardhani, A.},
	year={2003},
	pages={71--78},
	doi={10.1145/604471.604488}
}

@article{larsson2009possible,
	title={Possible functions of the octavolateralis system in fish schooling},
	volume={10},
	number={3},
	journal={Fish and Fisheries},
	publisher={Wiley Online Library},
	author={Larsson, M.},
	year={2009},
	pages={344--353},
	doi={10.1111/j.1467-2979.2009.00330.x}
}

@article{ioannou2012predatory,
	title={Predatory Fish Select for Coordinated Collective Motion in Virtual Prey},
	author={Ioannou, C. C. and Guttal, V. and Couzin, I. D.},
	journal={Science},
	volume={337},
	number={6099},
	pages={1212--1215},
	year={2012},
	publisher={American Association for the Advancement of Science},
	doi={10.1126/science.1218919}
}

@article{tucker1998gliding,
	title={Gliding flight: speed and acceleration of ideal falcons during diving and pull out},
	author={Tucker, V. A.},
	journal={The Journal of Experimental Biology},
	volume={201},
	number={3},
	pages={403--414},
	year={1998},
	publisher={The Company of Biologists Ltd}
}

@inproceedings{pitcher1983predator,
	title={Predator-avoidance behaviours of sand-eel schools: why schools seldom split},
	author={Pitcher, T. J. and Wyche, C. J.},
	booktitle={Predators and prey in fishes},
	editor={Noakes, David L. G.
		and Lindquist, David G.
		and Helfman, Gene S.
		and Ward, Jack A.},
	series={Developments in environmental biology of fishes},
  	volume={2},
  	pages={193--204},
	year={1983},
	publisher={Springer},
	doi={10.1007/978-94-009-7296-4_21}
}

@article{major1978three,
	title={The three-dimensional structure of airborne bird flocks},
	author={Major, P. F. and Dill, L. M.},
	journal={Behavioral Ecology and Sociobiology},
	volume={4},
	number={2},
	pages={111--122},
	year={1978},
	publisher={Springer},
	doi={10.1007/BF00354974}
}

@article{pomeroy1992structure,
	title={Structure of turning in airborne rock dove ({Columba} livia) flocks},
	author={Pomeroy, H. and Heppner, F. H.},
	journal={The Auk},
	volume={109},
	number={2},
	pages={256--267},
	year={1992},
	publisher={JSTOR},
	doi={10.2307/4088194}
}

@article{wiederman2012selective,
	title={Selective Attention in an Insect Visual Neuron},
	author={Wiederman, S. D. and O'Carroll, D. C.},
	journal={Current Biology},
	volume={23},
	number={2},
	pages={156--161},
	year={2012},
	publisher={Elsevier},
	doi={10.1016/j.cub.2012.11.048}
}

@article{marras2012information,
	title={Information transfer and antipredator maneuvers in schooling herring},
	author={Marras, S. and Batty, R. S. and Domenici, P.},
	journal={Adaptive Behavior},
	year={2012},
	number={1},
	pages={44--56},
	volume={20},
	doi={10.1177/1059712311426799}
}

@article{marras2013schooling,
	title={Schooling fish under attack are not all equal: Some lead, others follow},
	author={Marras, S. and Domenici, P.},
	journal={PLoS One},
	year={2013},
	number={6},
	pages={e65784},
	volume={8},
	doi={10.1371/journal.pone.0065784},
	publisher={Public Library of Science}
}

@article{reluga2005simulated,
	title={Simulated evolution of selfish herd behavior},
	journal={Journal of Theoretical Biology},
	volume={234},
	number={2"},
	pages={213--225},
	year={2005},
	doi={10.1016/j.jtbi.2004.11.035},
	author={Reluga, T. C. and Viscido, S}
}

@inproceedings{olson2013critical,
	author={Olson, R. S. and Knoester, D. B. and Adami, C.},
	title={Critical Interplay Between Density-dependent Predation and Evolution of the Selfish Herd},
	booktitle={Proceedings of the 15th Annual Conference on Genetic and Evolutionary Computation},
	series={GECCO '13},
	year={2013},
	location={Amsterdam, The Netherlands},
	pages={247--254},
	numpages={8},
	doi={10.1145/2463372.2463394},
	publisher={ACM},
	address={New York, NY, USA}
}

@article{ward2001evolving,
	title={Evolving collective behavior in an artificial ecology},
	author={Ward, C. R. and Gobet, F. and Kendall, G.},
	journal={Artificial Life},
	volume={7},
	number={2},
	pages={191--209},
	year={2001},
	publisher={MIT Press},
	doi={10.1162/106454601753139005}
}

@inproceedings{oboshi2003collective,
	title={Collective or scattering: evolving schooling behaviors to escape from predator},
	author={Oboshi, T. and Kato, S. and Mutoh, A. and Itoh, H.},
	booktitle={Proceedings of the 8th International Conference on the Simulation and Synthesis of Living Systems: Artificial Life},
	volume={8},
	pages={386--389},
	year={2003},
	organization={MIT Press}
}

@article{domenici2011escapology1,
	author={Domenici, P. and Blagburn, J. M. and Bacon, J. P.},
	title={Animal escapology {I}: theoretical issues and emerging trends in escape trajectories},
	volume={214},
	number={15},
	pages={2463--2473},
	year={2011},
	doi={10.1242/jeb.029652},
	publisher={The Company of Biologists Ltd},
	journal={Journal of Experimental Biology}
}

@article{domenici2011escapology2,
	author={Domenici, P. and Blagburn, J. M. and Bacon, J. P.},
	title={Animal escapology {II}: escape trajectory case studies},
	volume={214},
	number={15},
	pages={2474--2494},
	year={2011},
	doi={10.1242/jeb.053801},
	publisher={The Company of Biologists Ltd},
	issn={0022-0949},
	journal={Journal of Experimental Biology}
}

@book{alcock1979animal,
	title={Animal behavior: An evolutionary approach},
	author={Alcock, J.},
	year={1979},
	publisher={Sinauer Associates, Inc.},
	address={Sunderland, MA}
}

@article{packer1988evolution,
	title={The evolution of cooperative hunting},
	author={Packer, C. and Ruttan, L.},
	journal={The American Naturalist},
	volume={132},
	number={2},
	pages={159--198},
	year={1988},
	publisher={JSTOR}
}

@article{lett2014effects,
	title={Effects of successive predator attacks on prey aggregations},
	author={Lett, C. and Semeria, M. and Thiebault, A. and Tremblay, Y.},
	journal={Theoretical Ecology},
	pages={239--252},
	volume={7},
	number={3},
	year={2014},
	publisher={Springer},
	doi={10.1007/s12080-014-0213-0}
}

@article{thiebault2015howto,
	author={Thiebault, A. and Semeria, M. and Lett, C. and Tremblay, Y.},
	title={How to capture fish in a school? {Effect} of successive predator attacks on seabird feeding success},
	journal={Journal of Animal Ecology},
	volume={85},
	number={1},
	year={2015},
	pages={157--167},
	doi={10.1111/1365-2656.12455}
}

@article{hemelrijk2010emergence,
	author={Hemelrijk, C. K. and Hildenbrandt, H. and Reinders, J. and Stamhuis, E. J.},
	title={Emergence of Oblong School Shape: Models and Empirical Data of Fish},
	journal={Ethology},
	volume={116},
	number={11},
	publisher={Blackwell Publishing Ltd},
	doi={10.1111/j.1439-0310.2010.01818.x},
	pages={1099--1112},
	year={2010}
}

@book{videler1993fish,
	title={Fish swimming},
	author={Videler, J. J.},
	year={1993},
	publisher={Springer Science \& Business Media},
	doi={10.1007/978-94-011-1580-3}
}

@article{domenici2001scaling,
	title={The scaling of locomotor performance in predator--prey encounters: from fish to killer whales},
	author={Domenici, P.},
	journal={Comparative Biochemistry and Physiology Part A: Molecular \& Integrative Physiology},
	volume={131},
	number={1},
	pages={169--182},
	year={2001},
	publisher={Elsevier},
	doi={10.1016/S1095-6433(01)00465-2}
}

@article{reuter2005selforganization,
	title={Selforganization of fish schools: an object-oriented model},
	journal={Ecological Modelling},
	volume={75--76},
	pages={147--159},
	year={1994},
	issn={0304-3800},
	doi={10.1016/0304-3800(94)90014-0},
	author={Reuter, H. and Breckling, B.}
}

@article{fernandezjuricic2004visual,
	title={Visual perception and social foraging in birds},
	journal={Trends in Ecology \& Evolution},
	volume={19},
	number={1},
	pages={25--31},
	year={2004},
	issn={0169-5347},
	doi={10.1016/j.tree.2003.10.003},
	author={Fern√°ndez-Juricic, E. and Erichsen, J. T. and Kacelnik, A}
}

@article{johansen2010kinematics,
	title={Kinematics and energetic benefits of schooling in the labriform fish, striped surfperch {Embiotoca} lateralis},
	author={Johansen, J. L. and Vaknin, R. and Steffensen, J. F. and Domenici, P.},
	journal={Marine Ecology Progress Series},
	volume={420},
	pages={221--229},
	year={2010},
	doi={10.3354/meps08885}
}

@article{killen2011aerobic,
	author={Killen, S. S. and Marras, S. and Steffensen, J. F. and McKenzie, D. J.},
	title={Aerobic capacity influences the spatial position of individuals within fish schools},
	year={2011},
	volume={279},
	number={1727},
	pages={357--364},
	doi={10.1098/rspb.2011.1006},
	publisher={The Royal Society},
	issn={0962-8452},
	journal={Proceedings of the Royal Society of London B: Biological Sciences}
}

@article{gall2010visual,
	author={Gall, M. D. and Fern{\'a}ndez-Juricic, E.},
	title={Visual fields, eye movements, and scanning behavior of a sit-and-wait predator, the black phoebe ({Sayornis} nigricans)},
	journal={Journal of Comparative Physiology A},
	year={2010},
	volume={196},
	number={1},
	pages={15--22},
	issn={1432-1351},
	doi={10.1007/s00359-009-0488-6},
	publisher={Springer-Verlag}
}

@article{orourke2010hawkeyes2,
	author={O'Rourke, C. T. and Pitlik, T. and Hoover, M. and Fern√°ndez-Juricic, E.},
	journal={PLoS ONE},
	publisher={Public Library of Science},
	title={Hawk Eyes {II}: Diurnal Raptors Differ in Head Movement Strategies When Scanning from Perches},
	year={2010},
	month={9},
	volume={5},
	pages={e12169},
	number={9},
	doi={10.1371/journal.pone.0012169}
}

@article{thums2011insitu,
	title={In situ measures of foraging success and prey encounter reveal marine habitat-dependent search strategies},
	author={Thums, M. and Bradshaw, C. J. A. and Hindell, M. A.},
	journal={Ecology},
	volume={92},
	number={6},
	pages={1258--1270},
	year={2011},
	doi={10.1890/09-1299.1}
}

@article{andersson2009predator,
	author={Andersson, M. and Wallander, J. and Isaksson, D.},
	title={Predator perches: a visual search perspective},
	journal={Functional Ecology},
	volume={23},
	number={2},
	publisher={Blackwell Publishing Ltd},
	issn={1365-2435},
	doi={10.1111/j.1365-2435.2008.01512.x},
	pages={373--379},
	year={2009}
}

@article{fritsches2005warm,
	title={Warm eyes provide superior vision in swordfishes},
	author={Fritsches, K. A. and Brill, R. W. and Warrant, E. J.},
	journal={Current Biology},
	volume={15},
	number={1},
	pages={55--58},
	year={2005},
	publisher={Elsevier},
	doi={10.1016/j.cub.2004.12.064}
}

@article{hemelrijk2000towards,
	title={Towards the integration of social dominance and spatial structure},
	author={Hemelrijk, C. K.},
	journal={Animal Behaviour},
	volume={59},
	number={5},
	pages={1035--1048},
	year={2000},
	publisher={Elsevier},
	doi={10.1006/anbe.2000.1400}
}

@article{hemelrijk2005individual,
	title={Individual variation by self-organisation},
	journal={Neuroscience \& Biobehavioral Reviews},
	volume={29},
	number={1},
	pages={125--136},
	year={2005},
	issn={0149-7634},
	doi={10.1016/j.neubiorev.2004.07.003},
	author={Hemelrijk, C. K. and Wantia, J.}
}

@article{okubo1986dynamical,
	author={Okubo, A.},
	title={Dynamical aspects of animal grouping: swarms, schools, flocks, and herds},
	journal={Advances in Biophysics},
	volume={22},
	pages={1--94},
	year={1986},
	publisher={Elsevier},
	doi={10.1016/0065-227X(86)90003-1},
	timestamp={2008.09.01}
}

@article{toner1998flocks,
	author={Toner, J. and Tu, Y.},
	title={Flocks, herds, and schools: A quantitative theory of flocking},
	journal={Physical Review E},
	year={1998},
	volume={58},
	pages={4828--4858},
	number={4},
	doi={10.1103/PhysRevE.58.4828},
}

@article{toner1995longrange,
  author={Toner, J. and Tu, Y.},
  title={Long-Range Order in a Two-Dimensional Dynamical {$XY$} Model: How Birds Fly Together},
  journal={Physical Review Letters},
  year={1995},
  volume={75},
  pages={4326--4329},
  number={23},
  doi={10.1103/PhysRevLett.75.4326}
}

@inproceedings{tanner2003fixed,
  author={Tanner, H. G. and Jadbabaie, A. and Pappas, G. J.},
  title={Stable flocking of mobile agents, part {I}: Fixed topology},
  booktitle={Proceedings of the 42nd IEEE Conference on Decision and Control},
  year={2003},
  volume={2},
  pages={2010--2015},
  location={Maui, HI},
  doi={10.1109/CDC.2003.1272910}
}

@inproceedings{tanner2003dynamic,
  author={Tanner, H. G. and Jadbabaie, A. and Pappas, G. J.},
  title={Stable flocking of mobile agents, part {II}: Dynamic topology},
  booktitle={Proceedings of the 42nd IEEE Conference on Decision and Control},
  year={2003},
  volume={2},
  pages={2016--2021},
  location={Maui, HI},
  doi={10.1109/CDC.2003.1272911}
}

@article{nagai2015collective,
	author={Nagai, K. H. and Sumino, Y. and Montagne, R. and Aranson, I. S. and Chat\'e, H.},
	title={Collective Motion of Self-Propelled Particles with Memory},
	journal={Physical Review Letters},
	volume={114},
	issue={16},
	pages={168001},
	numpages={6},
	year={2015},
	doi={10.1103/PhysRevLett.114.168001},
	publisher={American Physical Society},
}

@article{collignon2016stochastic,
	author={Collignon, B. and S√©guret, A. and Halloy, J.},
	title={A stochastic vision-based model inspired by zebrafish collective behaviour in heterogeneous environments},
	journal={Royal Society Open Science},
	volume={3},
	number={1},
	pages={150473},
	year={2016},
	doi={10.1098/rsos.150473},
}

@article{hemelrijk2008selforganized,
	author={Hemelrijk, C. K. and Hildenbrandt, H.},
	title={Self-Organized Shape and Frontal Density of Fish Schools},
	journal={Ethology},
	volume={114},
	number={3},
	pages={245--254},
	year={2008},
	publisher={Blackwell Publishing Ltd},
	doi={10.1111/j.1439-0310.2007.01459.x}
}

@article{pino2015modeling,
	author={Pino, A. Z. and Bedia, M. G. and Ser√≥n Arbeloa, F. J.},
	title={Modeling flocks with perceptual agents from a dynamicist perspective},
	journal={Computer Animation and Virtual Worlds},
	doi={10.1002/cav.1676},
	year={2015},
	pages={cav.1676}
}

@article{lebarbajec2007boids,
	author={Lebar Bajec, I. and Zimic, N. and Mraz, M.},
	title={The computational beauty of flocking: Boids revisited},
	journal={Mathematical and Computer Modelling of Dynamical Systems},
	year={2007},
	volume={13},
	pages={331--347},
	number={4},
	doi={10.1080/13873950600883485}
}

@article{hayes2011flights, 
	author={Hayes, B.}, 
	title={Flights of Fancy}, 
	journal={American Scientist}, 
	year={2011}, 
	volume={99}, 
	number={1}, 
	pages={10--14}, 
	doi={10.1511/2011.88.10}, 
}

@article{couzin2005effective,
	author={Couzin, I. D. and Krause, J. and Franks, N. R. and Levin, S. A.},
	title={Effective leadership and decision-making in animal groups on the move},
	journal={Nature},
	year={2005},
	volume={433},
	pages={513--516},
	number={7025},
	doi={10.1038/nature03236}
}

@article{pearce2014role,
	author={Pearce, D. J. G. and Miller, A. M. and Rowlands, G. and Turner, M. S.}, 
	title={Role of projection in the control of bird flocks},
	journal={Proceedings of the National Academy of Sciences},
	volume={111}, 
	number={29}, 
	pages={10422--10426}, 
	year={2014}, 
	doi={10.1073/pnas.1402202111}
}

@article{cavagna2013diffusion,
	author={Cavagna, A. and Duarte Queir√≥s, S. M. and Giardina, I. and Stefanini, F. and Viale, M.},
	title={Diffusion of individual birds in starling flocks},
	journal={Proceedings of the Royal Society of London B: Biological Sciences},
	volume={280},
	number={1756},
	year={2013},
	doi={10.1098/rspb.2012.2484},
	publisher={The Royal Society},
}

@article{bode2011limited,
	author={Bode, N. W. F. and Franks, D. W. and Wood, A. J.},
	title={Limited interactions in flocks: relating model simulations to empirical data},
	journal={Journal of The Royal Society Interface},
	volume={8},
	number={55},
	pages={301--304},
	year={2011},
	doi={10.1098/rsif.2010.0397},
	publisher={The Royal Society}
}

@article{hemelrijk2015diffusion,
	author={Hemelrijk, C. K. and Hildenbrandt, H.},
	title={Diffusion and Topological Neighbours in Flocks of Starlings: Relating a Model to Empirical Data},
	journal={PLoS ONE},
	year={2015},
	volume={10},
	number={5},
	pages={e0126913},
	doi={10.1371/journal.pone.0126913},
	publisher={Public Library of Science}
}

@inproceedings{lebarbajec2003fuzzifying,
	author={Lebar Bajec, I. and Zimic, N. and Mraz, M.},
	title={Fuzzifying the thoughts of animats},
	booktitle={Fuzzy Sets and Systems: Proceedings of the 10th International Fuzzy Systems Association World Congress (IFSA 2003)},
	year={2003},
	editor={Bilgi√ß, T. and De Baets, B. and Kaynak, O.},
	volume={2715},
	series={Lecture Notes in Artificial Intelligence},
	pages={195--202},
	address={Berlin},
	publisher={Springer-Verlag},
	location={Istanbul, Turkey},
	doi={10.1007/3-540-44967-1_23}
}

@inproceedings{lebarbajec2003boids,
	author={Lebar Bajec, I. and Zimic, N. and Mraz, M.},
	title={Boids with a fuzzy way of thinking},
	booktitle={Proceedings of Artificial Intelligence and Soft Computing (ASC 2003)},
	year={2003},
	editor={Leung, H.},
	pages={58--62},
	address={Anaheim},
	publisher={ACTA Press},
	location={Banff, Canada}
}

@inproceedings{wang2007behaviour,
	author={Wang, Z. and Gu, D.},
	title={Behaviour Based Fuzzy Flocking Systems},
	booktitle={IEEE International Fuzzy Systems Conference, 2007. FUZZ-IEEE 2007.},
	year={2007},
	pages={1--6},
	doi={10.1109/FUZZY.2007.4295580}
}

@article{gu2008using,
	author={Gu, D. and Hu, H.},
	title={Using Fuzzy Logic to Design Separation Function in Flocking Algorithms},
	journal={IEEE Transactions on Fuzzy Systems},
	year={2008},
	volume={16},
	number={4},
	pages={826--838},
	doi={10.1109/TFUZZ.2008.917289}
}

@inproceedings{yu2010obstacle,
	author={Yu, H. and Zhang, T. and Jian, J.},
	title={Flocking with obstacle avoidance based on fuzzy logic},
	booktitle={8th IEEE International Conference on Control and Automation (ICCA)},
	year={2010},
	pages={1876--1881},
	doi={10.1109/ICCA.2010.5524206},
	organization={IEEE}
}

@article{yu2010control,
	title={Flocking control of a group of agents using a fuzzy-logic-based attractive/repulsive function},
	author={Yu, H. and Jian, J. and Shen, Y.},
	journal={International Journal of Communications, Network and System Sciences},
	volume={3},
	number={6},
	pages={569--577},
	year={2010},
	publisher={Scientific Research Publishing}
}

@inproceedings{lee2011design,
	author={Lee, S.-M. and Kim, J.-H. and Myung, H.},
	title={Design of interval type-2 fuzzy logic controllers for flocking algorithm},
	booktitle={2011 IEEE International Conference on Fuzzy Systems (FUZZ)},
	pages={2594--2599},
	year={2011},
	organization={IEEE}
}

@inproceedings{sahu2013fuzzy,
	author={Sahu, B. K. and Gupta, M. M. and Subudhi, B.},
	booktitle={2013 Joint IFSA World Congress and NAFIPS Annual Meeting (IFSA/NAFIPS)},
	title={Fuzzy separation potential function based flocking control of multiple {AUV}s},
	year={2013},
	pages={1429--1434},
	doi={10.1109/IFSA-NAFIPS.2013.6608611},
}

@article{dong2013fuzzy,
	title={A fuzzy-rule-based Couzin model},
	author={Dong, H. and Zhao, Y. and Gao, S.},
	journal={Journal of Control Theory and Applications},
	volume={11},
	number={2},
	pages={311--315},
	year={2013},
	doi={10.1007/s11768-013-1193-0},
	publisher={Springer}
}

@article{kwasnicka2011flocking,
	author={Kwasnicka, H. and Markowska-Kaczmar, U. and Mikosik, M.},
	title={Flocking behaviour in simple ecosystems as a result of artificial evolution},
	journal={Applied Soft Computing},
	volume={11},
	number={1},
	pages={982--990},
	year={2011},
	doi={10.1016/j.asoc.2010.01.018}
}

@article{morrell2015consequences,
	author={Morrell, L. J. and Greenwood, L. and Ruxton, G. D.},
	title={Consequences of variation in predator attack for the evolution of the selfish herd},
	journal={Evolutionary Ecology},
	volume={29},
	number={1},
	pages={107--121},
	year={2015},
	doi={10.1007/s10682-014-9743-6},
	publisher={Springer International Publishing}
}

@article{chen2014minimal,
	title={A minimal model of predator--swarm interactions},
	author={Chen, Y. and Kolokolnikov, T.},
	journal={Journal of The Royal Society Interface},
	volume={11},
	number={94},
	pages={20131208},
	year={2014},
	doi={10.1098/rsif.2013.1208},
	publisher={The Royal Society}
}

@article{fazzolari2013review, 
	author={Fazzolari, M. and Alcal√°, R. and Nojima, Y. and Ishibuchi, H. and Herrera, F.},
	journal={IEEE Transactions on Fuzzy Systems},
	title={A Review of the Application of Multiobjective Evolutionary Fuzzy Systems: Current Status and Further Directions},
	volume={21},
	number={1},
	year={2013},
	pages={45-65},
	doi={10.1109/TFUZZ.2012.2201338},
}

@incollection{casillias2003interpretability,
	author={Casillas, J. and Cord√≥n, O. and Herrera, F. and Magdalena, L.},
	title={Interpretability Improvements to Find the Balance Interpretability-Accuracy in Fuzzy Modeling: An Overview},
	booktitle={Interpretability Issues in Fuzzy Modeling},
	editor={Casillas, J. and Cord√≥n, O. and Herrera, F. and Magdalena, L.},
	series={Studies in Fuzziness and Soft Computing},
	year={2003},
	volume={128},
	pages={3--22},
	doi={10.1007/978-3-540-37057-4_1},
	isbn={978-3-642-05702-1},
	publisher={Springer Berlin Heidelberg},
}

@incollection{casillias2003accuracy,
	author={Casillas, J. and Cord√≥n, O. and Herrera, F. and Magdalena, L.},
	title={Accuracy Improvements to Find the Balance Interpretability-Accuracy in Linguistic Fuzzy Modeling: An Overview},
	booktitle={Accuracy Improvements in Linguistic Fuzzy Modeling},
	editor={Casillas, J. and Cord√≥n, O. and Herrera, F. and Magdalena, L.},
	series={Studies in Fuzziness and Soft Computing},
	year={2003},
	volume={129},
	pages={3--24},
	doi={10.1007/978-3-540-37058-1_1},
	isbn={978-3-642-05703-8},
	publisher={Springer Berlin Heidelberg},
}

@article{cordon2011historical,
	author={Cord√≥n, O.},
	title={A historical review of evolutionary learning methods for Mamdani-type fuzzy rule-based systems: Designing interpretable genetic fuzzy systems},
	journal={International Journal of Approximate Reasoning},
	volume={52},
	number={6},
	pages={894--913},
	year={2011},
	doi={10.1016/j.ijar.2011.03.004}
}

@article{mitchell1994genetic,
	author={Mitchell, M. and Forrest, S.},
	title={Genetic Algorithms and Artificial Life},
	journal={Artificial Life},
	volume={1},
	number={3},
	pages={267--289},
	year={1994},
	doi={10.1162/artl.1994.1.3.267},
	publisher={MIT Press}
}

@article{aguilar2014thepast,
	author={Aguilar, W. and Santamar√≠a Bonfil, G. and Froese, T. and Gershenson, C.},
	title={The Past, Present, and Future of Artificial Life},
	journal={Frontiers in Robotics and AI},
	volume={1},
	pages={8},
	year={2014},
	doi={10.3389/frobt.2014.00008}
}

@inproceedings{soros2014identifying,
	title={Identifying necessary conditions for open-ended evolution through the artificial life world of chromaria},
	author={Soros, L. B. and Stanley, Kenneth O.},
	booktitle={Artificial Life 14: The Fourteenth Conference on the Synthesis and Simulation of Living Systems},
	pages={793--800},
	year={2014},
	editor={Sayama, H. and Rieffel, J. and Risi, S. and Doursat, R. and Lipson, H.},
	doi={10.7551/978-0-262-32621-6-ch128},
	publisher={MIT Press}
}

@article{halavati2005fuzzy,
	author={Halavati, R. and Bagheri Shouraki, S.},
	title={Fuzzy learning in {Zamin} artificial world},
	journal={Fuzzy Sets and Systems},
	volume={152},
	number={3},
	pages={603--615},
	year={2005},
	doi={10.1016/j.fss.2004.09.013}
}

@article{barriosrolania2015bacterially,
	author={Barrios Rolan√≠a, D. and Font, J. M. and Manrique, D.},
	title={Bacterially inspired evolution of intelligent systems under constantly changing environments},
	journal={Soft Computing},
	volume={19},
	number={4},
	year={2015},
	pages={1071--1083},
	doi={10.1007/s00500-014-1319-4},
	publisher={Springer Berlin Heidelberg}
}

@article{hoffman1997evolutionary,
	title={Evolutionary design of a fuzzy knowledge base for a mobile robot},
	author={Hoffmann, F. and Pfister, G.},
	journal={International Journal of Approximate Reasoning},
	volume={17},
	number={4},
	pages={447--469},
	year={1997},
	doi={10.1016/S0888-613X(97)00005-4},
	publisher={Elsevier}
}

@article{huepe2008newtools,
	author={Huepe, C. and Aldan, M.},
	title={New tools for characterizing swarming systems: A comparison of minimal models},
	journal={Physica A},
	year={2008},
	volume={387},
	pages={2809--2822},
	number={12},
	doi={10.1016/j.physa.2008.01.081}
}

@article{viscido2015using,
	author={Viscido, S. V. and Shrestha, S.},
	title={Using quantitative methods of determining group membership to draw biological conclusions},
	journal={Animal Behaviour},
	volume={104},
	pages={145--154},
	year={2015},
	doi={10.1016/j.anbehav.2015.03.007}
}

@article{suzuki1973movement,
	title={Movement of a group of animals},
	author={Suzuki, R. and Sakai, S},
	journal={Biophysics},
	volume={13},
	number={281--282},
	year={1973}
}

@article{parrish1989reexamining,
	author={Parrish, J. K.},
	title={Re-examining the selfish herd: are central fish safer?},
	journal={Animal Behaviour},
	volume={38},
	number={6},
	pages={1048--1053},
	year={1989},
	doi={10.1016/S0003-3472(89)80143-5}
}

@article{savino1982predatorprey,
	author={Savino, J. F. and Stein, R. A.},
	title={Predator-Prey Interaction between Largemouth Bass and Bluegills as Influenced by Simulated, Submersed Vegetation},
	journal={Transactions of the American Fisheries Society },
	volume={111},
	number={3},
	pages={255--266},
	year={1982},
	doi={10.1577/1548-8659(1982)111<255:PIBLBA>2.0.CO;2}
}

@article{romey2008predators,
	author={Romey, W. L. and Walston, A. R. and Watt, P. J.},
	title={Do {3-D} predators attack the margins of {2-D} selfish herds?},
	volume={19},
	number={1},
	pages={74--78},
	year={2008},
	doi={10.1093/beheco/arm105},
	journal={Behavioral Ecology}
}

@article{hoelzel1989foraging,
	author={Hoelzel, A. R. and Dorsey, E. M. and Stern, S. J.},
	title={The foraging specializations of individual minke whales},
	journal={Animal Behaviour},
	volume={38},
	number={5},
	pages={786--794},
	year={1989},
	doi={10.1016/S0003-3472(89)80111-3}
}

@article{domenici2000killer,
	author = {Domenici, P. and Batty, R. S. and Simila, T. and Ogam, E.},
	title = {Killer whales ({Orcinus} orca) feeding on schooling herring ({Clupea} harengus) using underwater tail-slaps: kinematic analyses of field observations},
	volume = {203},
	number = {2},
	pages = {283--294},
	year = {2000},
	journal = {Journal of Experimental Biology},
}

@article{nottestad1999herring,
	title={Herring schooling manoeuvres in response to killer whale attacks},
	author={N{\o}ttestad, L. and Axelsen, B. E.},
	journal={Canadian Journal of Zoology},
	volume={77},
	number={10},
	pages={1540--1546},
	year={1999},
	publisher={NRC Research Press},
	doi={10.1139/z99-124}
}

@article{sims2000filterfeeding,
	title={Filter-feeding and cruising swimming speeds of basking sharks compared with optimal models: they filter-feed slower than predicted for their size},
	journal={Journal of Experimental Marine Biology and Ecology},
	volume={249},
	number={1},
	pages={65--76},
	year={2000},
	doi={10.1016/S0022-0981(00)00183-0},
	author={David W. S.}
}

@article{goldbogen2011mechanics,
	title={Mechanics, hydrodynamics and energetics of blue whale lunge feeding: efficiency dependence on krill density},
	author={Goldbogen, J. A. and Calambokidis, J. and Oleson, E. and Potvin, J. and Pyenson, N. D. and Schorr, G. and Shadwick, R. E.},
	journal={Journal of Experimental Biology},
	volume={214},
	number={1},
	pages={131--146},
	year={2011},
	publisher={The Company of Biologists Ltd},
	doi={10.1242/jeb.048157}
}

@article{nottestad2002whales,
	title={How whales influence herring school dynamics in a cold-front area of the Norwegian Sea},
	author={N{\o}ttestad, L. and Fern{\"o}, A. and Mackinson, S. and Pitcher, T. and Misund, O. A.},
	journal={ICES Journal of Marine Science: Journal du Conseil},
	volume={59},
	number={2},
	pages={393--400},
	year={2002},
	publisher={Oxford University Press},
	doi={10.1006/jmsc.2001.1172}
}

@article{mori2006first,
	title={A first step towards modelling the krill-predator dynamics of the Antarctic ecosystem},
	author={Mori, M. and Butterworth, D.S.},
	journal={{CCAMLR} Science},
	volume={13},
	pages={217--277},
	year={2006}
}

@article{haynes2013molecular,
	title={Molecular identification of seabird remains found in humpback whale feces},
	author={Haynes, T. B. and Campbell, M. A. and Neilson, J. L. and L{\'o}pez, J. A.},
	journal={Marine Ornithology},
	volume={41},
	pages={161--166},
	year={2013}
}

@article{kimbell2015selfish,
	author={Kimbell, H. S. and Morrell, L. J.},
	title={{\textquoteleft}Selfish herds{\textquoteright} of guppies follow complex movement rules, but not when information is limited},
	volume={282},
	number={1816},
	pages={20151558},
	eid={20151558},
	year={2015},
	doi={10.1098/rspb.2015.1558},
	publisher={The Royal Society},
	journal={Proceedings of the Royal Society of London B: Biological Sciences}
}

@article{elmasri2012response,
	author={Elmasri, o. L. and Moreno, M. S. and Neumann, C. A. and Blumstein, D. T.},
	title={Response of brown anoles {Anolis} sagrei to multimodal signals from a native and novel predator},
	volume={58},
	number={6},
	pages={791--796},
	year={2012},
	doi={10.1093/czoolo/58.6.791},
	publisher={The Oxford University Press},
	journal={Current Zoology}
}

@article{hellstrom2016balancing,
	author={Hellstr{\"o}m, G. and Magnhagen, C.},
	title={Balancing past and present: how experience influences boldness over time in {Eurasian} perch},
	year={2016},
	doi={10.1093/cz/zow043},
	publisher={The Oxford University Press},
	journal={Current Zoology}
}

@article{oufiero2016evolution,
	author={Oufiero, C. E. and Whitlow, K. R.},
	title={The evolution of phenotypic plasticity in fish swimming},
	volume={62},
	number={5},
	pages={475--488},
	year={2016},
	doi={10.1093/cz/zow084},
	publisher={The Oxford University Press},
	journal={Current Zoology}
}

@article{gordon2014ecology,
	author={Gordon, D. M.},
	journal={PLoS Biology},
	publisher={Public Library of Science},
	title={The Ecology of Collective Behavior},
	year={2014},
	volume={12},
	pages={1--4},
	number={3},
	doi={10.1371/journal.pbio.1001805}
}

@article{rieucau2014experimental,
	author={Rieucau, G. and Boswell, K. M. and De Robertis, A. and Macaulay, G. J. AND Handegard, N. O.},
	journal={PLoS ONE},
	publisher={Public Library of Science},
	title={Experimental Evidence of Threat-Sensitive Collective Avoidance Responses in a Large Wild-Caught Herring School},
	year={2014},
	month={01},
	volume={9},
	pages={1--9},
	number={1},
	doi={10.1371/journal.pone.0086726}
}

@article{rieucau2015herring,
	title={Herring perform stronger collective evasive reactions when previously exposed to killer whales calls},
	author={Rieucau, G. and Sivle, L. D. and Handegard, N. O.},
	journal={Behavioral Ecology},
	year={2015},
	doi={10.1093/beheco/arv186},
}

@article{rieucau2014school,
	author={Rieucau, G. and De Robertis, A. and Boswell, K. M. and Handegard, N. O.},
	title={School density affects the strength of collective avoidance responses in wild-caught {Atlantic} herring {Clupea} harengus: a simulated predator encounter experiment},
	journal={Journal of Fish Biology},
	volume={85},
	number={5},
	publisher={Blackwell Publishing Ltd},
	doi={10.1111/jfb.12520},
	pages={1650--1664},
	year={2014}
}

@article{lemasson2016sensory,
	author={Lemasson, B. H. AND Tanner, C. J. AND Dimperio, E.},
	journal={PLoS Computational Biology},
	publisher={Public Library of Science},
	title={A Sensory-Driven Trade-Off between Coordinated Motion in Social Prey and a Predator's Visual Confusion},
	year={2016},
	volume={12},
	pages={1--20},
	number={2},
	doi={10.1371/journal.pcbi.1004708}
}

@article{abbeylee2016behavioral,
	author={Abbey-Lee, R. N. and Mathot, K. J. and Dingemanse, N. J.}, 
	title={Behavioral and morphological responses to perceived predation risk: a field experiment in passerines},
	volume={27}, 
	number={3}, 
	pages={857--864}, 
	year={2016}, 
	doi={10.1093/beheco/arv228}, 
	journal={Behavioral Ecology} 
}

@inproceedings{lucic2002transportation,
	title={Transportation modeling: an artificial life approach},
	author={Luƒçiƒá, P. and Teodoroviƒá, D.},
	booktitle={Tools with Artificial Intelligence, 2002. (ICTAI 2002). Proceedings. 14th IEEE International Conference on},
	year={2002},
	pages={216--223},
	organization={IEEE},
	doi={10.1109/TAI.2002.1180807},
	ISSN={1082-3409}
}

@incollection{dellorco2014simulation,
  year={2014},
  booktitle={Computer-based Modelling and Optimization in Transportation},
  volume={262},
  series={Advances in Intelligent Systems and Computing},
  editor={de Sousa, J. F. and Rossi, R.},
  doi={10.1007/978-3-319-04630-3_18},
  title={Simulation of Crowd Dynamics in Panic Situations Using a Fuzzy Logic-Based Behavioural Model},
  publisher={Springer International Publishing},
  author={Dell'Orco, M. and Marinelli, M. and Ottomanelli, M.},
  pages={237--250}
}

@article{castro1995fuzzy,
	title={Fuzzy logic controllers are universal approximators},
	author={Castro, J. L.},
	journal={Systems, Man and Cybernetics, IEEE Transactions on},
	volume={25},
	number={4},
	pages={629--635},
	year={1995},
	publisher={IEEE}
}

@article{carpenter2016stan,
	author={Carpenter, B. and Gelman, A. and Hoffman, M. and Lee, D. and Goodrich, B. and Betancourt, M. and Brubaker, M. A. and Guo, J. and Li, P. and Riddell, A.},
	title={Stan: A probabilistic programming language},
	journal={Journal of Statistical Software},
	volume={in press},
	year={2016},
}

@article{bode2010perceived,
	title={How perceived threat increases synchronization in collectively moving animal groups},
	author={Bode, N. W. F. and Faria, J. J. and Franks, D. W. and Krause, J. and Wood, A. J.},
	volume={277},
	number={1697},
	pages={3065--3070},
	year={2010},
	doi={10.1098/rspb.2010.0855},
	publisher={The Royal Society},
	issn={0962-8452},
	journal={Proceedings of the Royal Society of London B: Biological Sciences}
}

@article{goldberg1989messy,
	author={Goldberg, D. E. and Korb, B. and Deb, K.},
	title={Messy Genetic Algorithms: Motivation, Analysis, and First Results},
	journal={Complex Systems},
	volume={3},
	number={5},
	pages={493--530},
	year={1989},
}

@article{herbertread2010sensory,
	author={Herbert-Read, J. E. and Logendran, D. and Ward, A. J. W.},
	title={Sensory ecology in a changing world: salinity alters conspecific recognition in an amphidromous fish, {Pseudomugil} signifer},
	journal={Behavioral Ecology and Sociobiology},
	year={2010},
	volume={64},
	number={7},
	pages={1107--1115},
	doi={10.1007/s00265-010-0925-0}
}

@article{herbertread2015intiation,
	author={Herbert-Read, J. E. and Buhl, J. and Hu, F. and Ward, A. J. W. and Sumpter, D. J. T.},
	title={Initiation and spread of escape waves within animal groups},
	volume={2},
	number={4},
	year={2015},
	doi={10.1098/rsos.140355},
	publisher={The Royal Society},
	journal={Royal Society Open Science}
}

@inproceedings{herbertread2016threedimensional,
	author={Herbert-Read, J. E.},
	title={The three-dimensional shape and structure of fish schools under attack from predators},
	booktitle={Collective Motion 2016: Math, biology, physics and engineering come together},
	year={2016},
	location={Uppsala, Sweden},
	pages={20},
	address={Uppsala, Sweden}
}

@book{pusey2004freshwater,
	title={Freshwater Fishes of North-Eastern Australia},
	author={Pusey, B. and Mark, K. and Angela A.},
	year={2004},
	publisher={CSIRO Publishing},
	address={Melbourne}
}

@article{tyrrell2013looking,
	title={Looking above the prairie: localized and upward acute vision in a native grassland bird},
	author={Tyrrell, L. P. and Moore, B. A. and Loftis, C. and Fern{\'a}ndez-Juricic, E.},
	journal={Scientific Reports},
	volume={3},
	pages={srep03231},
	year={2013},
	publisher={Nature Publishing Group},
	doi={10.1038/srep03231}
}

@article{pita2015vision,
	title={Vision in two cyprinid fish: implications for collective behavior},
	author={Pita, D. and Moore, B. A. and Tyrrell, L. P. and Fern{\'a}ndez-Juricic, E.},
	journal={PeerJ},
	volume={3},
	pages={e1113},
	year={2015},
	doi={10.7717/peerj.1113}
}

@article{hairston1982fish,
	title={Fish vision and the detection of planktonic prey},
	author={Hairston, N. G. and Li, K. T. and Easter, S. S.},
	journal={Science},
	volume={218},
	number={4578},
	pages={1240--1242},
	year={1982},
	publisher={American Association for the Advancement of Science},
	doi={10.1126/science.7146908}
}

@article{veilleux2014visual,
	title={Visual acuity in mammals: effects of eye size and ecology},
	author={Veilleux, C. C. and Kirk, E. C.},
	journal={Brain, Behavior and Evolution},
	volume={83},
	number={1},
	pages={43--53},
	year={2014},
	doi={10.1159/000357830}
}

@incollection{mckenzie2007locomotion,
	title={Locomotion in Primitive Fishes},
	booktitle={Primitive Fishes},
	publisher={Academic Press},
	year={2007},
	volume={26},
	pages={319--380},
	series={Fish Physiology},
	issn={1546-5098},
	doi={10.1016/S1546-5098(07)26007-8},
	author={McKenzie D. J. and Hale M. E. and Domenici P.}
}

@article{hemelrijk2005construction,
	title={The construction of dominance order: comparing performance of five methods using an individual-based model},
	author={Hemelrijk, C. K. and Wantia, J. and Gygax, L.},
	journal={Behaviour},
	volume={142},
	number={8},
	pages={1037--1058},
	year={2005},
	publisher={Brill},
	doi={10.1163/156853905774405290}
}

@article{helbing1995social,
	title={Social force model for pedestrian dynamics},
	author={Helbing, D. and Moln\'ar, P.},
	journal={Physical Review E},
	volume={51},
	issue={5},
	pages={4282--4286},
	year={1995},
	publisher={American Physical Society},
	doi={10.1103/PhysRevE.51.4282}
}

@phdthesis{kunz2011implications,
	author={Kunz, H.},
	title={Implications of Embodiment and Situatedness on the Social Organization of Fish Schools},
	school={University of Zurich, Faculty of Business, Economics and Informatics},
	address={Zurich, Switzerland},
	year={2011}
}

@article{grimm1999tenyears,
	title={Ten years of individual-based modelling in ecology: what have we learned and what could we learn in the future?},
	journal={Ecological Modelling},
	volume={115},
	number={2‚Äì3},
	pages={129--148},
	year={1999},
	doi={10.1016/S0304-3800(98)00188-4},
	author={Grimm, V.}
}

@article{gautrais2008keybehavioural,
	title={Key Behavioural Factors in a Self-Organised Fish School Model},
	journal={Annales Zoologici Fennici},
	volume={45},
	number={5},
	pages={415--428},
	year={2008},
	doi={10.5735/086.045.0505},
	author={Gautrais, J. and Jost, C. and Theraulaz, G.}
}

@article{deangelis2005individualbased,
	title={Individual-Based Modeling of Ecological and Evolutionary Processes},
	journal={Annual Review of Ecology, Evolution, and Systematics},
	volume={36},
	number={1},
	pages={147--168},
	year={2005},
	doi={10.1146/annurev.ecolsys.36.102003.152644},
	author={DeAngelis, D. L. and Mooij, W. M.}
}

@book{kohavi1978switching,
	title={Switching and Finite Automata Theory.},
	author={Kohavi, Z.},
	year={1978},
	publisher={McGraw-Hill},
	address={New York}
}

@incollection{dewolf2005emergence,
	author={De Wolf, T. and Holvoet, T.},
	editor={Brueckner, S. A. and Di Marzo Serugendo, G. and Karageorgos, A. and Nagpal, R.},
	title={Emergence Versus Self-Organisation: Different Concepts but Promising When Combined},
	bookTitle={Engineering Self-Organising Systems: Methodologies and Applications},
	year={2005},
	publisher={Springer Berlin Heidelberg},
	address={Berlin, Heidelberg},
	pages={1--15},
	isbn={978-3-540-31901-6},
	doi={10.1007/11494676_1}
}

@book{getling1998rayleigh,
	title={Rayleigh-B{\'e}nard convection: structures and dynamics},
	author={Getling, A. V.},
	year={1998},
	publisher={World Scientific Publishing}
}

@article{zhabotinsky1964periodic,
	title={Periodic processes of malonic acid oxidation in a liquid phase},
	author={Zhabotinsky, A. M.},
	journal={Biofizika},
	volume={9},
	pages={306--311},
	year={1964}
}

@article{abelson1996amorphous,
	title={Amorphous computing manifesto},
	author={Abelson, H. and Knight, T. F. and Sussman, G. J. and Adams, S. and Cohen, N. and Coore, D. and Grantham, S. and Hanson, C. and Lin, K. and Papadakis, N.},
	year={1996},
	journal={Technical report, MIT Project on Mathematics and Computation},
	url={http://groups.csail.mit.edu/mac/projects/amorphous/white-paper/amorph-new/amorph-new.html}
}

@article{abelson2000amorphous,
  title={Amorphous computing},
  author={Abelson, H. and Allen, D. and Coore, D. and Hanson, C. and Homsy, G. and Knight Jr, T. F. and Nagpal, R. and Rauch, E. and Sussman, G. J. and Weiss, R.},
  journal={Communications of the ACM},
  volume={43},
  number={5},
  pages={74--82},
  year={2000},
  publisher={ACM},
  doi={10.1145/332833.332842}
}

@phdthesis{coore1994botanical,
	author={Coore, D. N.},
	title={Botanical Computing: A Developmental Approach to Generating Interconnect Topologies on an Amorphous Computer},
	school={Massachusetts Institute of Technology: MIT},
	address={Boston, USA},
	year={2005}
}

@article{gras2009individualbasedevolving,
  title={An Individual-Based Evolving Predator-Prey Ecosystem Simulation Using a Fuzzy Cognitive Map as the Behavior Model},
  author={Gras, R. and Devaurs, D. and Wozniak, A. and Aspinall, A.},
  journal={Artificial Life},
  volume={15},
  number={4},
  pages={423--463},
  year={2009},
  publisher={MIT Press},
  doi={10.1162/artl.2009.Gras.012}
}

@phdthesis{mashayekhi2015individualbased,
	author={Mashayekhi, M.},
	title={Individual-Based Modeling and Data Analysis of Ecological Systems Using Machine Learning Techniques},
	school={University of Windsor},
	address={Windsor, Canada},
	year={2015}
}